index,pe_ratio,pb_ratio,market_cap,return_on_asset_net_profit,du_return_on_equity,ev,earnings_per_share,revenue,total_expense,date,return
0,000001.XSHE,5.9572,1.1818,85252550922.0,0.8008,14.9403,1211444855670.0,2.01,20701401000.0,10882540000.0,2012-01-31,0.027657228229937388
1,000002.XSHE,7.0289,1.588,84113358168.0,1.6463,7.8656,300252061695.0,0.326,29308369223.2,23783476901.2,2012-01-31,0.08235182370820669
2,000008.XSHE,-262.7461,7.0003,517045520.0,-0.5678,-0.5943,770517752.56,-0.006,11679829.03,12030080.04,2012-01-31,0.09978900335112327
3,000060.XSHE,16.476,3.7146,19680455995.0,5.6036,14.617,28009159184.6,0.35,9189386877.65,7935542726.05,2012-01-31,0.12159482758620697
4,000069.XSHE,12.5878,2.5616,41727214853.0,2.8729,10.9097,81247380359.0,0.271,8951453490.28,7091397989.13,2012-01-31,-0.0026808154146886697
5,000100.XSHE,10.796,1.5219999999999998,17206724233.0,2.245,7.7394,66034033386.1,0.0974,43883757748.0,43092263405.0,2012-01-31,0.13795588072275808
6,000402.XSHE,8.1032,1.0078,18253291248.0,3.2233,10.3965,56511787330.1,0.6,7303544153.27,5440677926.67,2012-01-31,0.08457869004968227
7,000413.XSHE,192.5234,18.3692,4270450000.0,-0.6423,-1.0375,4363236328.83,-0.0059,62630800.67,64784767.7,2012-01-31,0.11926833305744075
8,000415.XSHE,18.0444,1.2301,8699264600.0,1.8112,3.7845,21846364582.5,0.3197,1466188261.63,1036862316.81,2012-01-31,0.188558875748548
9,000423.XSHE,23.3689,7.7135,26409389664.0,16.1098,20.7633,27897612682.3,0.9372,1862915702.43,1157644109.36,2012-01-31,0.08766839826138167
10,000425.XSHE,8.6344,2.1796,33004130464.0,9.9592,21.1151,53846101659.4,1.37,25233044684.7,21955101570.5,2012-01-31,0.0024943086212016125
11,000503.XSHE,226.9945,4.3887,5410909668.0,0.1796,0.3275,6249917784.47,0.0045,99694183.97,135382267.29,2012-01-31,0.16777408637873767
12,000538.XSHE,22.6896,6.1087,33935745494.0,10.2038,17.8649,43071657562.5,1.24,7741652400.02,6769161248.85,2012-01-31,0.0654679840686276
13,000540.XSHE,17.6816,4.0655,8759864200.0,2.3934,17.664,22467665936.4,0.2538,2004355082.02,1749636830.11,2012-01-31,0.19704350036003213
14,000559.XSHE,18.3311,2.3941,9256861365.0,4.7469,9.2005,14628454817.0,0.217,6200943486.15,5822509580.28,2012-01-31,0.13942307692307696
15,000568.XSHE,14.3531,7.2173,51740226954.0,24.1712,34.1465,56573570954.2,1.44,5628271589.15,2856713520.1,2012-01-31,0.0964713454704008
16,000623.XSHE,5.6704,1.7148,15460024303.0,20.7774,23.1428,18804075329.3,2.7168,809481664.08,690911564.42,2012-01-31,0.11214716945348802
17,000625.XSHE,-203.3888,1.3678,20159792217.0,2.7517,7.0257,37217163392.5,0.19,19606549988.7,20002232604.2,2012-01-31,0.1367074829931972
18,000627.XSHE,-16.8256,2.8326,3898338814.0,-2.728,-3.1988,5262950195.63,-0.036000000000000004,797135024.42,832484948.18,2012-01-31,0.1562478197167375
19,000630.XSHE,14.5249,2.8489999999999998,28446350207.0,3.2688,12.367,49261848233.6,0.74,52032837531.5,50898693656.5,2012-01-31,0.09244543062077502
20,000651.XSHE,8.8321,3.1092,54743150990.0,4.9914,25.6552,125069492621.0,1.3388,64074612708.6,61158359767.8,2012-01-31,0.09449989694667722
21,000671.XSHE,54.5916,1.7354,3484036043.0,0.8814,5.9695,11761758216.0,0.19,1828169582.43,1706703767.9,2012-01-31,0.17388986213725338
22,000686.XSHE,-10.5648,2.865,8771366787.0,-0.1107,-0.5469,20765182199.3,-0.03,677592524.5,717833927.89,2012-01-31,0.12170532632190215
23,000709.XSHE,30.7015,0.7431,31749624178.0,0.8678,2.8371,99804099745.6,0.15,107770205166.0,106446201521.0,2012-01-31,0.08023627861186305
24,000723.XSHE,83.1601,5.1914,2447173888.0,3.7628,6.7973,2643902662.49,0.23,1211363701.77,1164178657.88,2012-01-31,0.042778608589422264
25,000725.XSHE,7.8303,0.9565,24473991637.0,-3.8791,-8.9859,59972852071.9,-0.16,8514636554.0,10928202542.0,2012-01-31,0.07731582786287378
26,000728.XSHE,89.0694,1.2107,17853669000.0,1.9189,3.093,27584467396.7,0.2311,1315052595.51,759062567.21,2012-01-31,0.07700600919052664
27,000738.XSHE,48.6018,3.7755,9352957791.0,3.2868,5.6005,12090522078.9,0.1412,1350949551.65,1208450823.91,2012-01-31,0.1542375123375765
28,000750.XSHE,-25.6794,3.0579,7848747888.0,1.0709,1.2462,20293252211.3,0.05,846043430.3,770218550.33,2012-01-31,0.19820142453543432
29,000768.XSHE,-147.1629,2.0306,19102438172.0,0.1931,0.3771,32166350682.9,0.0142,5081888777.39,5059579936.33,2012-01-31,0.1465590484282072
30,000776.XSHE,728.4289,2.3480000000000003,73103249580.0,1.7866,6.13,136014621813.0,0.61,4325459005.79,2377388304.37,2012-01-31,0.07489705895839265
31,000783.XSHE,-45.0677,1.6385,18614185636.0,1.0097,3.1584,38751827912.8,0.14,1337998541.45,967274968.36,2012-01-31,0.12992671244734258
32,000792.XSHE,19.2172,3.7855,51771074558.0,10.514000000000001,19.4208,80915739549.4,1.8385,5539622881.41,2862752126.27,2012-01-31,0.15145999313841346
33,000826.XSHE,23.0132,5.7688,9086509777.0,5.8911,13.970999999999998,12253603099.7,0.462,1024996030.27,798413138.46,2012-01-31,0.08771129113758985
34,000839.XSHE,333.106,1.8536,10756003511.0,0.89,1.5777,18870505927.6,0.0583,1180163422.97,1267800326.91,2012-01-31,0.12829722318773407
35,000858.XSHE,15.3332,5.2524,121432975373.0,16.1359,24.1627,146746453414.0,1.2690000000000001,15648774490.2,9035308334.24,2012-01-31,0.1015933571894008
36,000876.XSHE,7.676,3.0819,29540383370.0,7.4287,14.0505,20968360549.5,1.03,50764868718.2,49120061669.7,2012-01-31,0.06176845044971034
37,000895.XSHE,-1338.4485,10.6955,39377548602.0,4.5209,7.8543,42437138787.3,0.4592,24239106613.4,23337169830.8,2012-01-31,0.062017805916695874
38,000938.XSHE,42.6661,2.8149,2254515200.0,1.6298,4.2112,3529790114.27,0.162,3644404043.75,3629839989.02,2012-01-31,0.1014640474425501
39,000959.XSHE,-26.1079,1.1222,8513929784.0,0.0867,2.0863,21615136271.8,0.0549,9502575535.22,9992265480.22,2012-01-31,0.08711129724636166
40,000961.XSHE,8.7321,1.8054,9809849498.0,2.4954,13.1395,31471593062.6,0.55,7903065272.29,7025337345.32,2012-01-31,0.1964263632991221
41,000963.XSHE,22.4888,6.5556,10022445192.0,7.7243,22.5682,14715366599.7,0.6757,8194944377.07,7738330113.27,2012-01-31,0.08012232979301576
42,000983.XSHE,16.8509,3.6087,50324664000.0,8.237,18.4178,85342188907.5,0.7948,22884339585.8,19205385113.0,2012-01-31,0.0776470137238366
43,002007.XSHE,103.2077,5.627999999999999,13321854976.0,11.9395,13.7822,12957134001.1,0.535,738447615.67,363505122.7,2012-01-31,0.06531210999934314
44,002008.XSHE,9.4767,2.6381,7404771894.0,5.7164,11.6348,11923045459.0,0.2756,2673513831.05,2362243445.18,2012-01-31,0.16502264030126082
45,002024.XSHE,10.8124,2.7260000000000004,60867043234.0,7.0214,17.3106,105525576525.0,0.4892,67625499000.0,63105122000.0,2012-01-31,0.034480285024270016
46,002027.XSHE,-10.2187,2.016,1218410517.0,0.1718,0.257,1805997930.82,0.0056,947381266.9,941843709.87,2012-01-31,0.09178151381773576
47,002044.XSHE,20.4515,5.1103,1935277500.0,6.5053,9.2073,2585540321.99,0.139,579326555.55,536804411.89,2012-01-31,0.11009951302138482
48,002065.XSHE,18.7782,4.3444,9850608640.0,9.892999999999999,14.5688,11373623438.7,0.5093,1606056451.02,1335501978.86,2012-01-31,0.11099090669863453
49,002074.XSHE,34.6532,3.6556,1578482640.0,5.7557,10.5459,2441487011.21,0.18,493069178.84,440614415.3,2012-01-31,0.11717714761670385
50,002081.XSHE,17.0643,5.9058,18377040393.0,9.7896,31.9623,21684655943.0,0.9086,6432177806.42,5839048120.1,2012-01-31,0.139324831207802
51,002142.XSHE,6.6771,1.4932,27944220926.0,1.0298,15.1654,240797776509.0,0.89,5706374000.0,2764872000.0,2012-01-31,0.03405619746902688
52,002146.XSHE,7.3613,2.4509,15039897600.0,3.9236,18.5606,33968718457.5,0.51,6101082478.69,4839724494.1,2012-01-31,0.19950759589290207
53,002153.XSHE,23.5333,6.7642,7397241600.0,15.0778,17.1945,8854453139.38,0.52,459764525.26,302985073.79,2012-01-31,0.11158221038069367
54,002174.XSHE,-135.1836,3.952,902386340.0,0.1001,0.77,1344172473.18,0.021,226840813.26,228325157.3,2012-01-31,0.16452606174928575
55,002230.XSHE,45.8019,6.3889,7516943625.0,6.4937,7.8906,7670455233.62,0.28,342597396.99,285178588.37,2012-01-31,0.31656126844468896
56,002236.XSHE,23.7544,7.819,11774402076.0,11.0706,16.345,12402992370.4,0.73,1460699765.06,1234300793.67,2012-01-31,0.10240671551263997
57,002241.XSHE,21.875,8.175,17053408060.0,8.8802,19.7717,20333004124.0,0.47,2753719950.56,2332580270.48,2012-01-31,0.1467561303706585
58,002252.XSHE,29.9917,7.0569,6454560000.0,15.0026,16.5791,6584240682.17,0.51,381696427.88,218311705.2,2012-01-31,0.06362922230950507
59,002292.XSHE,75.7295,7.325,10104832000.0,5.7157,6.7608,7207363453.14,0.22,727006274.15,623049692.79,2012-01-31,0.09363440005958447
60,002294.XSHE,19.4133,4.1442,8836656000.0,12.5764,14.765999999999998,11936854986.3,0.79,1077149060.94,746256481.74,2012-01-31,0.13235003881425728
61,002304.XSHE,19.6996,11.6265,114993000000.0,22.9515,37.134,127056431081.0,3.24,9697320356.4,5655841725.15,2012-01-31,0.16850501935668302
62,002310.XSHE,17.5595,6.0159,11263785183.0,13.5919,22.8921,14699468220.1,2.29,1965187858.05,1566421577.31,2012-01-31,0.2306324150615437
63,002352.XSHE,26.5542,2.1836,1569068525.0,3.2224,4.3585,2073680968.64,0.4,470163824.47,438363251.57,2012-01-31,0.08977645112098892
64,002385.XSHE,16.6065,3.3233,11563080000.0,7.7024,9.8108,14559606885.4,0.78,5279408885.11,4905932347.5,2012-01-31,0.17157582281371295
65,002411.XSHE,27.4205,3.0469,2356830000.0,5.2652,5.4527,3020826515.22,0.17,770044002.13,712509134.65,2012-01-31,0.21476753135044588
66,002415.XSHE,19.359,5.4305,36980000000.0,12.7014,14.6805,40368127810.4,0.87,3453156822.06,2470651269.54,2012-01-31,0.11356624917600534
67,002424.XSHE,25.5245,3.4475,6599712000.0,4.5786,6.8463,8407405957.77,0.27,701417429.65,554485320.02,2012-01-31,0.12688254714847808
68,002426.XSHE,1512.7409,2.2273,2886956100.0,3.7132,5.2927,4088639981.93,0.1697,1115660255.45,1062257040.89,2012-01-31,0.14153668399768915
69,002450.XSHE,35.4532,6.6061,6787200000.0,7.5141,11.0486,7508019924.18,0.3207,1098832203.2,969665965.32,2012-01-31,0.1619329045715278
70,002456.XSHE,-263.2222,2.8871,2808960000.0,-1.4387,-2.6004,4688450853.06,-0.13,648674946.38,677435315.07,2012-01-31,0.5242354899105472
71,002460.XSHE,49.731,4.5287,3279000000.0,5.1303,5.8898,4023862473.74,0.28,327739393.91,282919396.3,2012-01-31,0.08829619033278123
72,002465.XSHE,31.4086,1.655,7075738533.0,2.5843,2.9048,8694467710.3,0.3679,658569640.25,549797985.66,2012-01-31,0.15225456190619813
73,002466.XSHE,97.1092,4.1013,4036620000.0,2.9892,3.3418,5192804839.01,0.22,298312158.14,267370981.94,2012-01-31,0.126367785906334
74,002468.XSHE,-29.5372,2.2865,1735680000.0,3.0888,4.7192,2985511165.06,0.19399999999999998,813493135.78,777625233.64,2012-01-31,0.1946935798624116
75,002470.XSHE,17.198,3.1169,9618000000.0,8.6549,13.7957,13161820051.0,0.57,6334742941.75,5843040739.55,2012-01-31,0.06985058208818411
76,002475.XSHE,20.348,4.4072,8110377000.0,10.4286,11.1446,10445640552.3,0.73,1805745307.42,1506388762.01,2012-01-31,0.11219353791199868
77,002500.XSHE,-299.473,2.6293,15694692000.0,0.8005,2.2936,28146131862.0,0.06,764146400.0,593553103.0,2012-01-31,0.09173205556984823
78,002508.XSHE,17.1347,2.7193,4106240000.0,7.013999999999999,8.7418,4245859793.34,0.48,1066937023.89,928033582.34,2012-01-31,0.02867975889558632
79,002555.XSHE,44.4557,1.8685,1429780000.0,6.0338,7.8995,1915721333.26,0.2783,253102516.76,224929800.23,2012-01-31,0.09088986411463024
80,002558.XSHE,27.0092,2.2569,1331610000.0,6.2979,7.4814,1511286005.1,0.48,232718969.01,204381787.74,2012-01-31,0.1045629106528585
81,002572.XSHE,18.3723,2.3778,3242100000.0,9.0828,10.6158,4293748635.4,0.8,629835600.6,531961977.68,2012-01-31,0.1920963172804533
82,002601.XSHE,15.5863,4.3066,8685600000.0,16.0068,27.3354,8390870389.73,4.32,1510362207.38,1126040681.21,2012-01-31,0.049572435656780614
83,002602.XSHE,19.6278,1.5786,2436000000.0,9.5175,12.6759,3363782564.41,0.88,745992572.11,605838766.87,2012-01-31,0.1092073225719181
84,002608.XSHE,21.584,1.617,3198720000.0,3.6252,10.8872,6726447058.26,1.43,1953159642.57,1756742374.55,2012-01-31,0.08272847047550601
85,002624.XSHE,25.5598,3.0336,1475000000.0,12.3847,23.1718,197559732.15,0.66,332677250.53,285246943.45,2012-01-31,0.07322489313273754
86,300003.XSHE,20.9579,4.796,11229960000.0,15.6951,16.8851,13490161497.1,0.4467,678769523.57,268496848.15,2012-01-31,0.05638972305638978
87,300015.XSHE,40.59,6.6348,9073728000.0,8.1282,10.3255,9332816274.92,0.31,966750963.5,777018084.74,2012-01-31,0.029664695572409017
88,300017.XSHE,25.9591,2.3706,1847487146.0,4.5921,4.8207,1922528782.12,0.23,382167189.86,346917794.45,2012-01-31,0.1711732096390993
89,300024.XSHE,26.6647,4.7491,5637680400.0,5.7208,7.3934,6614052715.55,0.27,546261214.18,459245055.06,2012-01-31,0.008442293833007293
90,300027.XSHE,32.433,4.9322,8322048000.0,5.1512,6.5198,9548149074.81,0.17,481297343.95,379519891.28,2012-01-31,0.0915833408401646
91,300033.XSHE,62.4488,1.7983,2010624000.0,4.0142,4.5664,2717977058.33,0.37,167909628.35,118080013.56,2012-01-31,0.2179192555394784
92,300059.XSHE,25.5474,2.1984,3738000000.0,4.8088,5.0589,4223969468.4,0.4,198275042.38,115710250.2,2012-01-31,0.29160031847133777
93,300070.XSHE,21.4611,3.3669,10989132000.0,2.5622,2.7239999999999998,12240238304.7,0.25,368083629.66,275351643.46,2012-01-31,0.16540056076110135
94,300072.XSHE,22.5444,2.6189,2990079800.0,3.6867,5.5583,3763745417.33,0.31,409472534.65,340213144.32,2012-01-31,0.1340454340303897
95,300122.XSHE,61.6859,3.7147,8388000000.0,5.6875,5.9543,11197163180.7,0.32,456652112.14,309831451.78,2012-01-31,0.14450333725952091
96,300124.XSHE,22.6099,4.1521,10396080000.0,10.2343,10.9358,15352248689.5,1.19,789887920.75,498177781.4,2012-01-31,0.09703376716456807
97,300136.XSHE,19.499000000000002,2.9683,2002766800.0,8.8253,9.145,2949590988.74,0.4149,121334857.44,56642914.4,2012-01-31,0.12049127343244985
98,300144.XSHE,26.941,2.8002,7573104000.0,6.309,7.3163,7692714479.5,0.52,387976059.28,152151856.75,2012-01-31,0.112750724162431
99,300251.XSHE,22.2623,2.9725,5315600000.0,8.8568,10.3649,6925068439.68,1.14,413759118.43,290804273.67,2012-01-31,0.16700232378001545
100,600000.XSHG,4.859,1.1557,171985006446.0,0.8475,15.1658,2524302191530.0,1.067,49307426000.0,23080440000.0,2012-01-31,0.034713242753983416
101,600008.XSHG,20.3951,2.1303,11484000000.0,1.974,5.1517,21623828218.2,0.1198,1855861893.47,1577820959.16,2012-01-31,0.05744971019434018
102,600009.XSHG,14.2654,1.5681,24086980600.0,6.7723,7.8001,25731183764.9,0.59,3384957900.85,2369447956.52,2012-01-31,0.049597916685769884
103,600010.XSHG,45.0759,2.4265,31283144619.0,1.433,4.9606,69625822816.3,0.1,33102712983.0,32254908227.2,2012-01-31,0.0801326815642459
104,600015.XSHG,6.5503,1.2765,81580233992.0,0.6168,13.5616,1082458341030.0,1.09,24577242161.2,15882745794.2,2012-01-31,-0.028533716370977014
105,600018.XSHG,15.9744,1.4207,64397158410.0,6.2652,9.2333,95519826083.9,0.1672,16140750027.0,10697692371.3,2012-01-31,0.06360166402195817
106,600019.XSHG,48.0499,0.8370000000000001,89136324768.0,2.96,6.0051,210235683181.0,0.36,167324609438.0,159509674906.0,2012-01-31,0.03536836265285848
107,600021.XSHG,14.2623,1.7775,10463324967.0,1.1597,3.3939999999999997,31728430807.7,0.0906,13327770690.8,13273973338.4,2012-01-31,0.01635848039560354
108,600030.XSHG,8.5084,1.5964,117770750796.0,2.4444,4.8999,162413250454.0,0.34,9449919982.79,4933372613.41,2012-01-31,0.10383427689140512
109,600031.XSHG,9.2367,5.4879,107906564207.0,19.1926,51.047,142748578029.0,1.01,41303142489.2,31889071190.2,2012-01-31,0.02604226771605079
110,600038.XSHG,57.3664,3.8096,5734950000.0,2.0366,4.5376,9951536918.85,0.1944,1340760389.39,1263564009.21,2012-01-31,0.031174084151200137
111,600048.XSHG,7.6711,1.7715,62457450920.0,2.052,11.1958,218727868096.0,0.58,21814023615.9,16895904145.0,2012-01-31,0.05713940565353955
112,600050.XSHG,65.0568,1.4564,103439390408.0,0.9452,1.9779,329040873116.0,0.0663,160635019142.0,155696114578.0,2012-01-31,0.0020515058926233736
113,600061.XSHG,200.6983,4.2544,2488681052.0,1.8281,3.7621,4620362296.53,0.051,2352659615.47,2326250356.85,2012-01-31,0.17587199101691342
114,600066.XSHG,8.5946,3.8526,12841325558.0,9.7833,27.2874,14837663589.4,1.41,11232502616.2,10379107317.9,2012-01-31,0.11589602299952086
115,600068.XSHG,16.0828,2.4909,27725298867.0,2.5103,12.1459,77693163625.4,0.369,35074608672.6,33424373668.5,2012-01-31,0.06288541517280946
116,600074.XSHG,7.7722,5.7681,2188707048.0,-1.0165,-7.5689,5932804514.11,-0.042,1483101015.54,1501724300.22,2012-01-31,0.09968069428524644
117,600085.XSHG,33.4211,5.1493,17903403306.0,7.7728,10.370999999999999,19371947312.4,0.265,4780178712.95,4148756853.24,2012-01-31,0.08436262835876891
118,600089.XSHG,25.2302,1.6633,21374390302.0,3.798,8.3659,43772144523.7,0.3872,12717958690.6,11723206190.2,2012-01-31,0.07769442174849597
119,600100.XSHG,21.2945,2.3333,19916765102.0,1.392,2.8793,30394394479.5,0.1165,13816198314.4,13649396367.7,2012-01-31,0.07684013877768894
120,600104.XSHG,6.9167,1.6254,166375800432.0,8.294,16.2283,287572669567.0,1.4380000000000002,326050006500.0,303962407442.0,2012-01-31,0.045064805583250364
121,600109.XSHG,409.5809,3.1558,10232476929.0,2.3623,7.5052,17162970494.4,0.235,933904853.38,636255608.14,2012-01-31,0.08504900480991771
122,600111.XSHG,9.0854,10.009,56385184320.0,44.4699,81.17399999999999,71565608899.2,2.5839999999999996,10090210627.2,3030566769.62,2012-01-31,0.18707169345690225
123,600118.XSHG,48.4743,6.1424,12388184969.0,3.7693,8.0043,16766444701.7,0.21,2199386774.76,2023977759.04,2012-01-31,0.07569990395218941
124,600153.XSHG,5.7046,1.9417,15664255187.0,3.7507,22.287,58644592309.9,0.67,57151916342.1,55376769626.7,2012-01-31,0.06428632735387525
125,600157.XSHG,17.4764,3.1546,8957528567.0,2.6639999999999997,11.9343,15812892893.0,0.3769,1001544733.63,782708578.35,2012-01-31,0.14893918464208536
126,600170.XSHG,6.5729999999999995,1.0293,10719470984.0,1.6636,9.2416,60584579246.9,0.77,59021986646.2,58079160281.8,2012-01-31,0.07872708904603838
127,600177.XSHG,25.3912,1.7941,21664931792.0,2.9443,9.3741,53994958175.5,0.556,8031467770.26,7486149536.05,2012-01-31,0.023633082475810162
128,600196.XSHG,11.1987,1.6819,16434906101.0,6.5683,11.672,25968946961.1,0.56,4632511537.23,4680608399.23,2012-01-31,0.07067871708373201
129,600208.XSHG,16.7341,2.1465,20992219157.0,1.8395,6.6286,48018656800.2,0.094,4020357021.45,3962653793.33,2012-01-31,0.16272448532632494
130,600219.XSHG,10.9548,0.893,13829204639.0,4.9412,5.2158,18569173675.6,0.4,9846832544.4,8790863767.3,2012-01-31,0.10071803582458322
131,600221.XSHG,8.5125,1.3223,19142277753.0,3.1037,17.1759,83888671116.5,0.55,19364906000.0,16937682000.0,2012-01-31,0.09915865384615392
132,600233.XSHG,15.8458,1.63,1522950000.0,7.186,7.5242,2323375048.45,0.3937,625222346.76,518707464.67,2012-01-31,0.1809391002194587
133,600271.XSHG,16.6451,3.707,17747748000.0,14.3266,17.0158,26656174507.6,0.81,8277492415.43,7143232101.7,2012-01-31,0.17794251771474018
134,600276.XSHG,28.4028,6.9192,29227893396.0,16.553,18.1488,33142205392.0,0.5975,3319215604.1,2485369711.99,2012-01-31,0.02999688849130726
135,600297.XSHG,-676.2344,2.4877,2005500000.0,0.2762,0.6269,3853962529.37,0.0144,677118452.68,681222793.64,2012-01-31,0.12567615033368462
136,600309.XSHG,13.5742,4.0673,29559115622.0,13.969000000000001,23.4568,41428325676.0,0.71,10509011428.0,8192119490.58,2012-01-31,0.08558941623518518
137,600340.XSHG,4.7829,3.9458,10994600298.0,5.2507,58.4206,31696989438.8,1.97,5297572500.36,3842487062.14,2012-01-31,0.1785937662879182
138,600352.XSHG,11.0766,1.3411,9045442129.0,4.7907,10.7142,20180688902.5,0.4692,6188537909.9,5677642752.82,2012-01-31,0.10064363021825898
139,600369.XSHG,-72.6801,2.0551,20345577963.0,0.9572,1.8066,32601570764.9,0.09,698581043.09,608138808.8,2012-01-31,0.03422856721625661
140,600372.XSHG,45.157,5.8036,20213794785.0,4.1892,8.3964,27740212649.3,0.32,2607228423.59,2296031479.95,2012-01-31,0.16179237215666148
141,600373.XSHG,15.2472,2.4556,9353870347.0,7.585,11.7593,10101354598.5,0.75,3451114563.86,3149584541.19,2012-01-31,0.1619120594129435
142,600376.XSHG,5.9691,1.1951,14378773500.0,0.6819,3.1457,54071516981.2,0.25,2101925737.02,2318963571.53,2012-01-31,0.2099724105168918
143,600383.XSHG,7.0812,1.1457,23654280346.0,0.6583,2.6831,89624682029.8,0.11,6496176515.81,5725712937.71,2012-01-31,0.09639613887728396
144,600390.XSHG,-9.2689,3.4707,1870984500.0,1.9158,3.6742,3312948417.49,0.1464,944031576.62,912432398.49,2012-01-31,0.15825491873396064
145,600406.XSHG,25.5694,10.388,30449903293.0,7.7937,16.1004,39874588393.6,0.39,2833630198.4,2413068469.59,2012-01-31,0.17108900798492582
146,600415.XSHG,44.1617,2.7318,21337399570.0,3.4476,7.5729999999999995,33213054639.1,0.21,2408867159.52,1700693411.9,2012-01-31,0.10075035600832502
147,600436.XSHG,29.2461,8.0172,9230200000.0,12.8685,17.7691,8845660090.08,1.38,748436762.19,522811518.23,2012-01-31,0.061736021660839566
148,600482.XSHG,43.013999999999996,3.2779,3872400000.0,1.6273,4.3393,7375992274.18,0.11,3213977347.13,3159099518.08,2012-01-31,0.11904964763446504
149,600485.XSHG,324.9306,2.4357,1194611320.0,0.3192,0.5041,2035899210.01,0.017,182013848.38,181750305.77,2012-01-31,0.13457920044600336
150,600489.XSHG,18.1904,5.153,44207296523.0,11.0412,20.1031,51793168958.4,0.72,22077562412.7,19588278492.7,2012-01-31,0.06080092470663969
151,600498.XSHG,23.0502,3.0474,11841338066.0,3.8755,8.6064,17267180797.4,0.71,4643443858.48,4446362972.73,2012-01-31,0.049680126354078716
152,600518.XSHG,20.2795,2.8393,26252650927.0,5.6848,9.2811,36535451788.6,0.299,4272739873.2,3470976301.44,2012-01-31,0.06449831673821285
153,600519.XSHG,15.513,7.7438,193527133800.0,23.7021,31.8919,205800562683.0,6.33,13642075480.1,4362971847.48,2012-01-31,0.09683014738297198
154,600522.XSHG,24.7858,1.5276,6637995346.0,5.3726,9.4193,9147836872.69,0.878,3368058278.36,3055516734.82,2012-01-31,0.12324137173005048
155,600535.XSHG,24.7122,5.2889,19061111180.0,9.5492,15.3388,22547542205.6,1.01,4761055734.4,4237410286.63,2012-01-31,0.05391563138042006
156,600547.XSHG,19.2254,8.7533,49636765591.0,16.7003,36.2244,59607111767.7,1.1889,31433375580.3,29092486678.2,2012-01-31,0.07941714780855715
157,600549.XSHG,14.2218,6.9929,24060254400.0,10.9039,30.7985,32943795578.5,1.3281,9767492350.92,7846581310.6,2012-01-31,0.0649092141130088
158,600570.XSHG,22.3356,5.3209,6480766656.0,7.082999999999999,10.4672,8857976700.9,0.171,557557093.46,487914676.59,2012-01-31,0.18672683728203007
159,600583.XSHG,80.0064,2.352,22208702400.0,-0.5153,-1.012,30955642245.4,-0.02,4315266027.23,4411281909.18,2012-01-31,0.061315517439412014
160,600588.XSHG,18.0996,4.5411,13421610387.0,1.7437,3.5984,19871253242.7,0.111,2236905267.0,2202500934.0,2012-01-31,0.1306986046088814
161,600606.XSHG,12.9859,1.1108,2329972210.0,2.4812,6.0919,5896376095.0,0.244,460443503.41,418360901.32,2012-01-31,0.1186428503016952
162,600637.XSHG,28.4115,4.9643,12852514306.0,1.6403,2.8202,10240094448.6,0.0582,958604391.68,696579597.09,2012-01-31,0.4592757958655178
163,600649.XSHG,10.5976,1.1488,14294150987.0,3.6153,7.4505,26669798964.3,0.39,2687870142.25,2124823091.15,2012-01-31,0.057882470074446135
164,600660.XSHG,13.7907,2.7385,17065443549.0,10.3551,19.9104,23988384317.3,0.58,7101029788.0,5811567161.0,2012-01-31,0.0328738236867782
165,600663.XSHG,28.0819,2.0124,21851902800.0,4.47,9.5896,32806301986.8,0.5436,3239719786.15,2030707272.89,2012-01-31,0.031632872987714965
166,600674.XSHG,30.3615,1.7549,10905855082.0,3.6003,6.2869,17771990584.9,0.3957,884145019.53,729367357.85,2012-01-31,0.045327684185749284
167,600682.XSHG,26.8352,2.2669,2529751096.0,1.8545,4.9955,4729482908.37,0.15,1291117569.78,1209182044.01,2012-01-31,0.15439247929743902
168,600690.XSHG,7.8756,2.9661,24730024643.0,8.2353,28.3614,51294864925.2,0.8420000000000001,56997111693.0,53935280816.6,2012-01-31,0.13897415585701553
169,600703.XSHG,11.2295,2.8805,16317355669.0,9.9348,11.5071,21834129808.3,0.41,1168932704.63,828471124.08,2012-01-31,0.1530945369038651
170,600704.XSHG,9.7408,1.6125,5401857518.0,3.0476,13.0462,24607681882.9,0.6226,26189090446.9,25405061934.5,2012-01-31,0.18047935316199828
171,600739.XSHG,5.8087,1.963,18873936755.0,18.1868,23.9468,23803629081.2,1.4968,6199641829.04,5651246740.44,2012-01-31,0.05640093104451565
172,600741.XSHG,7.447,1.5406,25522017729.0,10.5662,14.9581,43056365380.4,0.887,39480242542.7,36112670431.2,2012-01-31,0.06477936992395629
173,600795.XSHG,8.7642,1.5576,42642960534.0,1.6977,8.01,165192754281.0,0.135,36896874822.4,34994940058.3,2012-01-31,-0.00358818658570247
174,600804.XSHG,45.1573,2.0755,7335048374.0,3.3668,4.3757,11234631133.0,0.11,1599996293.56,1415040308.86,2012-01-31,0.1970940654778753
175,600816.XSHG,22.7421,13.7062,6766235692.0,13.6671,26.6457,7694488846.02,0.2208,230793022.46,99589155.51,2012-01-31,0.14497147644313238
176,600820.XSHG,12.1804,1.2098,5860835563.0,1.4962,6.8388,22326242104.6,0.42,11686034963.9,11699175155.0,2012-01-31,0.040073519173466236
177,600827.XSHG,11.8659,1.8835,20687173982.0,4.5488,11.5327,46335054009.4,0.682,35316872229.0,33780355629.5,2012-01-31,0.07577155746949647
178,600837.XSHG,27.2975,1.5393,68784585065.0,2.6702,6.1132,117964509578.0,0.33,6949525753.13,3248396931.32,2012-01-31,0.0717766363756091
179,600886.XSHG,1031.9186,1.2670000000000001,14539637056.0,0.6709,3.6376,105695982583.0,0.1673,17440612504.8,16477615714.4,2012-01-31,0.009674426823342328
180,600887.XSHG,11.5007,5.4245,32676314020.0,8.1924,28.78,42116543976.2,0.89,29200622975.9,27985858037.6,2012-01-31,0.12475445313800575
181,600893.XSHG,47.5194,3.6761,14687447221.0,2.089,4.684,19922707041.4,0.17,4789308666.11,4576401164.83,2012-01-31,0.13427325116665018
182,600895.XSHG,23.9733,1.7345,10918261328.0,0.3192,0.5995,23765895967.3,0.02,815230379.6,796830833.7,2012-01-31,0.12055420219244828
183,600900.XSHG,14.9252,1.5692,107085000000.0,3.9727,9.555,196052314533.0,0.3835,15839292168.1,9653406377.63,2012-01-31,0.006162695152013207
184,600999.XSHG,64.7927,2.1217,51039043128.0,2.2818,7.6612,93862728401.3,0.3984,4245004306.6,1881393282.42,2012-01-31,0.09863486808493237
185,601006.XSHG,8.8148,1.8219999999999998,114474294481.0,9.4583,15.7744,138058233974.0,0.62,33270504198.0,22597383300.0,2012-01-31,-0.010389703125836845
186,601009.XSHG,6.9817,1.3285,28709583986.0,0.9729,11.9318,265784636283.0,0.79,5269932544.25,2426120717.23,2012-01-31,-0.0010352636687156556
187,601018.XSHG,11.5968,1.2674,31744000000.0,5.6282,7.9737,43998858000.0,0.15,5144634000.0,3449556000.0,2012-01-31,0.08469010175763185
188,601099.XSHG,94.9259,4.9173,10402928375.0,2.1634,6.0429,14750807245.2,0.081,550442270.88,373939873.74,2012-01-31,0.05634786897373713
189,601117.XSHG,9.4954,1.9147,29154030000.0,3.7964,9.998,59940141953.6,0.28,28584012574.3,26807593037.6,2012-01-31,0.140440087066269
190,601118.XSHG,30.6054,3.1951,29051358124.0,5.7621,8.2074,36685164084.1,0.1807,7360835424.88,6527634483.62,2012-01-31,0.09471814864658623
191,601166.XSHG,4.6015,1.3003,149499658317.0,0.9557,18.8962,2109892633950.0,1.74,41087000000.0,16439000000.0,2012-01-31,0.03246534560101298
192,601169.XSHG,5.6152,1.2357,62275618810.0,0.9743,17.1367,870782553162.0,1.25,15008708000.0,5019552000.0,2012-01-31,0.07101078682068014
193,601216.XSHG,14.7422,1.9792,9907200000.0,8.2737,14.9585,14498890326.7,0.7833,2841228959.01,2315399962.94,2012-01-31,0.145418478675517
194,601377.XSHG,288.1028,2.9479,24046000000.0,1.9521,4.8766,40650559463.1,0.1862,1792924631.15,1124455503.18,2012-01-31,0.0320225651236104
195,601555.XSHG,-119.8944,1.8345,13520000000.0,1.2856,5.3312,10615087404.2,0.15,921942200.48,627181924.52,2012-01-31,0.2248483316481293
196,601668.XSHG,5.1643,1.0336,92100000000.0,3.1068,11.8265,455458892000.0,0.32,347139842000.0,330053219000.0,2012-01-31,0.06512884781076217
197,601669.XSHG,9.1405,1.4508,39552000000.0,2.07,13.783,127684649912.0,0.39,77604834367.0,74273976691.7,2012-01-31,0.08737620309666624
198,601688.XSHG,324.3696,1.5563,46648000000.0,1.3766,4.0387,104428527604.0,0.24,4341811673.32,2543546407.58,2012-01-31,0.07803667075918459
199,601718.XSHG,17.8121,1.3963,12998090000.0,3.7272,6.0091,20272885892.0,0.14,18430800881.6,17815103873.4,2012-01-31,0.07714392710023713
200,601788.XSHG,40.9905,1.7271,36435880000.0,2.6056,6.1963,67228677313.6,0.4,3519945982.57,1792572625.41,2012-01-31,0.13509362572088252
201,601818.XSHG,5.196000000000001,1.2655,121304370000.0,0.8972,16.4154,1690341240500.0,0.35,33864644000.0,14974219000.0,2012-01-31,0.026671755077810267
202,601872.XSHG,-37.1951,1.1528,10815202689.0,1.2247,2.0814,18475058761.7,0.0583,2065380265.53,1918890905.01,2012-01-31,0.038094891573278916
203,601877.XSHG,13.4025,2.9418,13537350000.0,9.4408,14.2841,18708165641.3,0.62,7210108467.27,6312990307.36,2012-01-31,0.12843804894482266
204,601888.XSHG,22.6663,4.6501,21762400000.0,9.5381,12.8348,24181789608.5,0.6327,9024918199.77,8240386993.88,2012-01-31,0.0934032802701398
205,601901.XSHG,-36.8015,1.9212,27023000000.0,0.7845,1.9149,51264469990.4,0.05,1299054439.72,1013845956.23,2012-01-31,0.08577946414022675
206,601933.XSHG,35.5787,5.4961,22361248000.0,5.2015,9.3306,23163714670.7,0.48,12474297901.6,12006047152.4,2012-01-31,0.06252052667721615
207,601958.XSHG,64.8231,3.0674,41268270276.0,3.4829,3.7683,49362258100.8,0.16,5661327167.22,4985687166.74,2012-01-31,0.07818973500787993
208,601989.XSHG,15.9636,2.0667,81259093988.0,2.8561,11.4416,215506539959.0,0.47,47103852071.9,42626100596.9,2012-01-31,0.09206188656626962
209,000001.XSHE,6.1219,1.2145,87609292114.0,0.8008,14.9403,1211444855670.0,2.01,20701401000.0,10882540000.0,2012-02-29,-0.081292511119957
210,000002.XSHE,7.6078,1.7188,91040340605.0,1.6463,7.8656,300252061695.0,0.326,29308369223.2,23783476901.2,2012-02-29,0.0
211,000008.XSHE,-288.9459,7.6983,568602766.0,-0.5678,-0.5943,770517752.56,-0.006,11679829.03,12030080.04,2012-02-29,0.21498702178083734
212,000060.XSHE,18.4794,4.1663,22073467416.0,5.6036,14.617,28009159184.6,0.35,9189386877.65,7935542726.05,2012-02-29,-0.18878021597940128
213,000069.XSHE,12.5541,2.5547,41615345644.0,2.8729,10.9097,81247380359.0,0.271,8951453490.28,7091397989.13,2012-02-29,-0.057811129155699977
214,000100.XSHE,12.2851,1.7319,19580065507.0,2.6214,9.39,69004306654.6,0.1195,60834136000.0,59927074000.0,2012-02-29,-0.11689640056499935
215,000402.XSHE,8.7886,1.093,19797101951.0,3.2233,10.3965,56511787330.1,0.6,7303544153.27,5440677926.67,2012-02-29,-0.03668284848706056
216,000413.XSHE,215.4881,20.5603,4779840000.0,3.2405,5.2307,3688567992.99,0.03,104425459.95,89559250.79,2012-02-29,0.0016022085829081195
217,000415.XSHE,21.4467,1.462,10339529980.0,1.8112,3.7845,21846364582.5,0.3197,1466188261.63,1036862316.81,2012-02-29,-0.12654125629794669
218,000423.XSHE,25.4175,8.3897,28724625905.0,16.1098,20.7633,27897612682.3,0.9372,1862915702.43,1157644109.36,2012-02-29,-0.0819681495757913
219,000425.XSHE,8.656,2.1851,33086640790.0,9.9592,21.1151,53846101659.4,1.37,25233044684.7,21955101570.5,2012-02-29,-0.1608380561205347
220,000503.XSHE,265.0783,5.125,6318720094.0,0.1796,0.3275,6249917784.47,0.0045,99694183.97,135382267.29,2012-02-29,-0.1763869132290185
221,000538.XSHE,24.175,6.5087,36157398226.0,10.2038,17.8649,43071657562.5,1.24,7741652400.02,6769161248.85,2012-02-29,-0.05491556290398925
222,000540.XSHE,21.1662,4.8668,10486260794.0,2.3934,17.664,22467665936.4,0.2538,2004355082.02,1749636830.11,2012-02-29,-0.019496833091539552
223,000559.XSHE,20.8868,2.7278,10547404860.0,4.7469,9.2005,14628454817.0,0.217,6200943486.15,5822509580.28,2012-02-29,-0.1389711823323458
224,000568.XSHE,15.7377,7.9136,56731604278.0,24.1712,34.1465,56573570954.2,1.44,5628271589.15,2856713520.1,2012-02-29,-0.03932082498303648
225,000623.XSHE,6.3063,1.9071,17193858804.0,20.7774,23.1428,18804075329.3,2.7168,809481664.08,690911564.42,2012-02-29,-0.0856330822793804
226,000625.XSHE,-231.1901,1.5547,22915447268.0,2.7517,7.0257,37217163392.5,0.19,19606549988.7,20002232604.2,2012-02-29,-0.07595633647723453
227,000627.XSHE,-19.4546,3.2752,4507454254.0,-2.728,-3.1988,5262950195.63,-0.036000000000000004,797135024.42,832484948.18,2012-02-29,-0.12912958213908582
228,000630.XSHE,15.8678,3.1124,31076322615.0,3.2688,12.367,49261848233.6,0.74,52032837531.5,50898693656.5,2012-02-29,-0.1331097517772371
229,000651.XSHE,9.6668,3.403,59916679545.0,4.9914,25.6552,125069492621.0,1.3388,64074612708.6,61158359767.8,2012-02-29,0.020579729638845985
230,000671.XSHE,64.0822,2.037,4089722308.0,0.8814,5.9695,11761758216.0,0.19,1828169582.43,1706703767.9,2012-02-29,0.058980015572281476
231,000686.XSHE,-11.8507,3.2137,9839018575.0,-0.1107,-0.5469,20765182199.3,-0.03,677592524.5,717833927.89,2012-02-29,-0.0396324364744963
232,000709.XSHE,33.1658,0.8028,34298088995.0,0.8678,2.8371,99804099745.6,0.15,107770205166.0,106446201521.0,2012-02-29,-0.10835530384402564
233,000723.XSHE,86.71799999999999,5.4135,2551873285.0,3.7628,6.7973,2643902662.49,0.23,1211363701.77,1164178657.88,2012-02-29,-0.16849802052193585
234,000725.XSHE,8.4359,1.0305,26367007565.0,-3.8791,-8.9859,59972852071.9,-0.16,8514636554.0,10928202542.0,2012-02-29,-0.10254674235716882
235,000728.XSHE,95.9285,1.3039,19228539000.0,1.9189,3.093,27584467396.7,0.2311,1315052595.51,759062567.21,2012-02-29,0.03677568636460606
236,000738.XSHE,56.0979,4.3578,10795500676.0,3.2868,5.6005,12090522078.9,0.1412,1350949551.65,1208450823.91,2012-02-29,-0.13886366641689074
237,000750.XSHE,-30.7684,3.6639,9404161852.0,1.0709,1.2462,20293252211.3,0.05,846043430.3,770218550.33,2012-02-29,0.28427205100956426
238,000768.XSHE,-168.7316,2.3282,21902147010.0,0.1931,0.3771,32166350682.9,0.0142,5081888777.39,5059579936.33,2012-02-29,-0.12895979992589846
239,000776.XSHE,782.9874,2.5239,78578594185.0,1.7866,6.13,136014621813.0,0.61,4325459005.79,2377388304.37,2012-02-29,0.023735176179506868
240,000783.XSHE,-50.9236,1.8514,21032844152.0,1.0097,3.1584,38751827912.8,0.14,1337998541.45,967274968.36,2012-02-29,-0.02594417915783569
241,000792.XSHE,22.1279,4.3588,59612284928.0,10.514000000000001,19.4208,80915739549.4,1.8385,5539622881.41,2862752126.27,2012-02-29,-0.14888061245603146
242,000826.XSHE,25.0317,6.2748,9883499214.0,5.8911,13.970999999999998,12253603099.7,0.462,1024996030.27,798413138.46,2012-02-29,-0.08357560317698183
243,000839.XSHE,375.8368,2.0914,12135782387.0,0.89,1.5777,18870505927.6,0.0583,1180163422.97,1267800326.91,2012-02-29,0.04004792058873866
244,000858.XSHE,16.891,5.7860000000000005,133769867213.0,16.1359,24.1627,146746453414.0,1.2690000000000001,15648774490.2,9035308334.24,2012-02-29,-0.06810393541543434
245,000876.XSHE,8.1502,3.2723,31364936461.0,7.4287,14.0505,20968360549.5,1.03,50764868718.2,49120061669.7,2012-02-29,-0.07534908908057088
246,000895.XSHE,-1421.4578,11.3589,41819708049.0,4.5209,7.8543,42437138787.3,0.4592,24239106613.4,23337169830.8,2012-02-29,-0.0015938438480424288
247,000938.XSHE,46.9951,3.1005,2483264000.0,1.6298,4.2112,3529790114.27,0.162,3644404043.75,3629839989.02,2012-02-29,0.0390090014301337
248,000959.XSHE,-28.3821,1.22,9255561298.0,0.0867,2.0863,21615136271.8,0.0549,9502575535.22,9992265480.22,2012-02-29,-0.12819031108542814
249,000961.XSHE,10.4474,2.16,11736784221.0,2.4954,13.1395,31471593062.6,0.55,7903065272.29,7025337345.32,2012-02-29,0.058704976487003326
250,000963.XSHE,24.2906,7.0808,10825456176.0,7.7243,22.5682,14715366599.7,0.6757,8194944377.07,7738330113.27,2012-02-29,-0.0016033157935134445
251,000983.XSHE,18.1593,3.8889,54232152000.0,8.237,18.4178,85342188907.5,0.7948,22884339585.8,19205385113.0,2012-02-29,-0.14700982397476722
252,002007.XSHE,109.9483,5.9956,14191924224.0,11.9395,13.7822,12957134001.1,0.535,738447615.67,363505122.7,2012-02-29,-0.07104981913844134
253,002008.XSHE,11.0406,3.0734,8626715916.0,5.7164,11.6348,11923045459.0,0.2756,2673513831.05,2362243445.18,2012-02-29,-0.15133154485375905
254,002024.XSHE,11.1852,2.82,62965906794.0,7.0214,17.3106,105525576525.0,0.4892,67625499000.0,63105122000.0,2012-02-29,0.08333911194323093
255,002027.XSHE,-11.1569,2.2011,1330274510.0,0.1718,0.257,1805997930.82,0.0056,947381266.9,941843709.87,2012-02-29,-0.07725860815544232
256,002044.XSHE,22.7028,5.6729,2148315000.0,6.5053,9.2073,2585540321.99,0.139,579326555.55,536804411.89,2012-02-29,-0.034467725675049736
257,002065.XSHE,20.8624,4.8266,10943941280.0,9.892999999999999,14.5688,11373623438.7,0.5093,1606056451.02,1335501978.86,2012-02-29,0.002894965392004664
258,002074.XSHE,38.7137,4.0839,1763441280.0,5.7557,10.5459,2441487011.21,0.18,493069178.84,440614415.3,2012-02-29,-0.08045275857394607
259,002081.XSHE,19.4416,6.7285,20937180820.0,9.7896,31.9623,21684655943.0,0.9086,6432177806.42,5839048120.1,2012-02-29,-0.03143436578171098
260,002142.XSHE,6.9045,1.5441,28895881701.0,1.0298,15.1654,240797776509.0,0.89,5706374000.0,2764872000.0,2012-02-29,-0.08484092326887081
261,002146.XSHE,8.83,2.9398,18040422400.0,3.9236,18.5606,33968718457.5,0.51,6101082478.69,4839724494.1,2012-02-29,0.06817651723655363
262,002153.XSHE,26.1591,7.5189,8222592000.0,15.0778,17.1945,8854453139.38,0.52,459764525.26,302985073.79,2012-02-29,0.03720946311895743
263,002174.XSHE,-157.4242,4.6022,1050848799.0,0.1001,0.77,1344172473.18,0.021,226840813.26,228325157.3,2012-02-29,0.11207717960933763
264,002230.XSHE,60.3012,8.4114,9896552874.0,6.4937,7.8906,7670455233.62,0.28,342597396.99,285178588.37,2012-02-29,-0.08506787330316737
265,002236.XSHE,26.1867,8.6197,12980029404.0,18.5614,28.2185,14497331409.3,0.68,2205208207.08,1870266206.55,2012-02-29,0.033759545764651615
266,002241.XSHE,25.0854,9.3748,19556177951.0,12.5641,28.3838,21406888919.4,0.7,4077000282.02,3442373221.06,2012-02-29,-0.002685284640171751
267,002252.XSHE,31.9002,7.506,6865280000.0,15.0026,16.5791,6584240682.17,0.51,381696427.88,218311705.2,2012-02-29,0.014243511289301613
268,002292.XSHE,82.8205,8.0109,11051008000.0,5.7157,6.7608,7207363453.14,0.22,727006274.15,623049692.79,2012-02-29,-0.16086083018353936
269,002294.XSHE,21.9826,4.6927,10006160000.0,12.5764,14.765999999999998,11936854986.3,0.79,1077149060.94,746256481.74,2012-02-29,0.0014524412632754369
270,002304.XSHE,23.0191,13.5857,134370000000.0,22.9515,37.134,127056431081.0,3.24,9697320356.4,5655841725.15,2012-02-29,-0.014400004164107482
271,002310.XSHE,21.6091,7.4033,13861502214.0,13.5919,22.8921,14699468220.1,2.29,1965187858.05,1566421577.31,2012-02-29,-0.015618841150965774
272,002352.XSHE,28.9383,2.3797,1709942237.0,3.2224,4.3585,2073680968.64,0.4,470163824.47,438363251.57,2012-02-29,-0.07691735143503635
273,002385.XSHE,19.4558,3.8934,13547040000.0,7.7024,9.8108,14559606885.4,0.78,5279408885.11,4905932347.5,2012-02-29,0.031656318734860966
274,002411.XSHE,33.3098,3.7013,2863026000.0,5.2652,5.4527,3020826515.22,0.17,770044002.13,712509134.65,2012-02-29,-0.14111976546292493
275,002415.XSHE,21.5577,6.0473,41180000000.0,12.7014,14.6805,40368127810.4,0.87,3453156822.06,2470651269.54,2012-02-29,0.03447622655806022
276,002424.XSHE,28.7628,3.8849,7437024000.0,4.5786,6.8463,8407405957.77,0.27,701417429.65,554485320.02,2012-02-29,-0.11512451588304932
277,002426.XSHE,1726.7486,2.5424,3295374300.0,3.7132,5.2927,4088639981.93,0.1697,1115660255.45,1062257040.89,2012-02-29,-0.15795799595141702
278,002450.XSHE,41.1932,7.6756,7886080000.0,8.5786,13.64,8172476886.87,0.25,1526021238.48,1361799025.74,2012-02-29,0.016545492624839286
279,002456.XSHE,-401.2205,4.4008,4281600000.0,-1.4387,-2.6004,4688450853.06,-0.13,648674946.38,677435315.07,2012-02-29,-0.012556298621536812
280,002460.XSHE,54.1218,4.9285,3568500000.0,5.1303,5.8898,4023862473.74,0.28,327739393.91,282919396.3,2012-02-29,-0.047925422438990624
281,002465.XSHE,36.1907,1.9069999999999998,8153059625.0,2.5843,2.9048,8694467710.3,0.3679,658569640.25,549797985.66,2012-02-29,-0.02162133863832689
282,002466.XSHE,109.3805,4.6195,4546710000.0,2.9892,3.3418,5192804839.01,0.22,298312158.14,267370981.94,2012-02-29,-0.07016764738536685
283,002468.XSHE,-35.2879,2.7317,2073600000.0,3.0888,4.7192,2985511165.06,0.19399999999999998,813493135.78,777625233.64,2012-02-29,-0.12038014783526935
284,002470.XSHE,18.3996,3.3347,10290000000.0,8.6549,13.7957,13161820051.0,0.57,6334742941.75,5843040739.55,2012-02-29,-0.07754262702424816
285,002475.XSHE,22.6307,4.9016,9020220000.0,10.4286,11.1446,10445640552.3,0.73,1805745307.42,1506388762.01,2012-02-29,-0.10402919708029186
286,002500.XSHE,-326.9476,2.8705,17134572000.0,0.8005,2.2936,28146131862.0,0.06,764146400.0,593553103.0,2012-02-29,-0.09663166266550798
287,002508.XSHE,17.6261,2.7973,4224000000.0,7.013999999999999,8.7418,4245859793.34,0.48,1066937023.89,928033582.34,2012-02-29,0.031518760041583965
288,002555.XSHE,48.4971,2.0384,1559760000.0,6.0338,7.8995,1915721333.26,0.2783,253102516.76,224929800.23,2012-02-29,-0.1107987592089958
289,002558.XSHE,29.8332,2.4928,1470840000.0,6.2979,7.4814,1511286005.1,0.48,232718969.01,204381787.74,2012-02-29,-0.04976272080147648
290,002572.XSHE,21.9012,2.8345,3864840000.0,9.0828,10.6158,4293748635.4,0.8,629835600.6,531961977.68,2012-02-29,0.04926213730662296
291,002601.XSHE,16.3589,4.5201,9116120000.0,16.0068,27.3354,8390870389.73,4.32,1510362207.38,1126040681.21,2012-02-29,-0.08486809160062637
292,002602.XSHE,21.7711,1.7509,2702000000.0,9.5175,12.6759,3363782564.41,0.88,745992572.11,605838766.87,2012-02-29,-0.08225609756097563
293,002608.XSHE,23.3694,1.7507,3463320000.0,3.6252,10.8872,6726447058.26,1.43,1953159642.57,1756742374.55,2012-02-29,-0.11290197683551445
294,002624.XSHE,27.4313,3.2557,1583000000.0,12.3847,23.1718,197559732.15,0.66,332677250.53,285246943.45,2012-02-29,-0.11559848955100355
295,300003.XSHE,22.1399,5.0665,11863320000.0,20.2656,21.469,11165102205.0,0.5827,919846240.19,387078914.13,2012-02-29,-0.0992505599264917
296,300015.XSHE,41.7939,6.8316,9342864000.0,8.1282,10.3255,9332816274.92,0.31,966750963.5,777018084.74,2012-02-29,-0.08184855233853007
297,300017.XSHE,30.4012,2.7762,2163626433.0,4.5921,4.8207,1922528782.12,0.23,382167189.86,346917794.45,2012-02-29,0.1310857805255025
298,300024.XSHE,26.8899,4.7892,5685306000.0,11.1411,14.3322,5649031649.94,0.54,783560295.36,660155154.87,2012-02-29,-0.10576824910668713
299,300027.XSHE,35.4029,5.3838,9084096000.0,5.1512,6.5198,9548149074.81,0.17,481297343.95,379519891.28,2012-02-29,-0.08123126014359203
300,300033.XSHE,76.0573,2.1902,2448768000.0,4.0142,4.5664,2717977058.33,0.37,167909628.35,118080013.56,2012-02-29,-0.12183190458442035
301,300059.XSHE,32.9964,2.8394,4827900000.0,6.0782,6.4303,4148292910.01,0.32,280308218.79,170605529.44,2012-02-29,-0.1344583140699646
302,300070.XSHE,25.0106,3.9238,12806640000.0,2.5622,2.7239999999999998,12240238304.7,0.25,368083629.66,275351643.46,2012-02-29,-0.04293557607287535
303,300072.XSHE,25.5659,2.97,3390832200.0,3.6867,5.5583,3763745417.33,0.31,409472534.65,340213144.32,2012-02-29,0.03957725302909708
304,300122.XSHE,70.59899999999999,4.2514,9600000000.0,5.6875,5.9543,11197163180.7,0.32,456652112.14,309831451.78,2012-02-29,-0.10209087322687437
305,300124.XSHE,24.8037,4.5549,11404800000.0,10.2343,10.9358,15352248689.5,1.19,789887920.75,498177781.4,2012-02-29,-0.11685573439448832
306,300136.XSHE,21.8487,3.326,2244112200.0,8.8253,9.145,2949590988.74,0.4149,121334857.44,56642914.4,2012-02-29,0.07130494980962271
307,300144.XSHE,29.9783,3.1159,8426880000.0,7.3876,8.4863,9670402217.16,0.4,504532175.14,223844591.1,2012-02-29,-0.0666666666666666
308,300251.XSHE,25.9803,3.4689,6203360000.0,8.8568,10.3649,6925068439.68,1.14,413759118.43,290804273.67,2012-02-29,0.04593123589539365
309,600000.XSHG,5.0276,1.1958,177954117299.0,0.8475,15.1658,2524302191530.0,1.067,49307426000.0,23080440000.0,2012-02-29,-0.06394432268235463
310,600008.XSHG,21.5673,2.2528,12144000000.0,1.974,5.1517,21623828218.2,0.1198,1855861893.47,1577820959.16,2012-02-29,-0.10869740448170234
311,600009.XSHG,14.972999999999999,1.6459,25281694838.0,8.8693,10.1965,26607369528.1,0.78,4611211636.06,3235233721.03,2012-02-29,-0.015244701483409931
312,600010.XSHG,48.6856,2.6208,33788365646.0,1.0779,3.8675,63493259430.9,0.08,42814922834.1,42158308572.1,2012-02-29,0.13113517590647047
313,600015.XSHG,6.3633,1.24,79251327228.0,0.6168,13.5616,1082458341030.0,1.09,24577242161.2,15882745794.2,2012-02-29,-0.07261029411764712
314,600018.XSHG,16.9905,1.511,68493090747.0,6.2652,9.2333,95519826083.9,0.1672,16140750027.0,10697692371.3,2012-02-29,-0.036532258064516036
315,600019.XSHG,49.7491,0.8666,92288493424.0,2.96,6.0051,210235683181.0,0.36,167324609438.0,159509674906.0,2012-02-29,-0.0948893701578514
316,600021.XSHG,14.4957,1.8066,10634504107.0,1.1597,3.3939999999999997,31728430807.7,0.0906,13327770690.8,13273973338.4,2012-02-29,-0.054327022851477086
317,600030.XSHG,9.3919,1.7622,129999519120.0,2.4444,4.8999,162413250454.0,0.34,9449919982.79,4933372613.41,2012-02-29,-0.01779539184831188
318,600031.XSHG,9.4772,5.6308,110716235477.0,19.1926,51.047,142748578029.0,1.01,41303142489.2,31889071190.2,2012-02-29,-0.158436183135132
319,600038.XSHG,59.1548,3.9284,5913745500.0,2.0366,4.5376,9951536918.85,0.1944,1340760389.39,1263564009.21,2012-02-29,0.0
320,600048.XSHG,8.1094,1.8727,66026448115.0,2.052,11.1958,218727868096.0,0.58,21814023615.9,16895904145.0,2012-02-29,0.017121852740639012
321,600050.XSHG,65.1901,1.4594,103651356372.0,0.9452,1.9779,329040873116.0,0.0663,160635019142.0,155696114578.0,2012-02-29,-0.13496972600949608
322,600061.XSHG,235.9936,5.0026,2926345651.0,1.8281,3.7621,4620362296.53,0.051,2352659615.47,2326250356.85,2012-02-29,-0.11583109519546406
323,600066.XSHG,11.2358,5.0365,16787621903.0,9.7833,27.2874,14837663589.4,1.41,11232502616.2,10379107317.9,2012-02-29,-0.025280446567548662
324,600068.XSHG,17.0943,2.6476,29469028356.0,2.5103,12.1459,77693163625.4,0.369,35074608672.6,33424373668.5,2012-02-29,-0.15265465830128855
325,600074.XSHG,8.5471,6.3432,2406916512.0,-1.0165,-7.5689,5932804514.11,-0.042,1483101015.54,1501724300.22,2012-02-29,-0.1758180396828352
326,600085.XSHG,36.2407,5.5837,19413799512.0,7.7728,10.370999999999999,19371947312.4,0.265,4780178712.95,4148756853.24,2012-02-29,-0.06639455398000119
327,600089.XSHG,27.1902,1.7925,23034793002.0,3.798,8.3659,43772144523.7,0.3872,12717958690.6,11723206190.2,2012-02-29,-0.11785788131504588
328,600100.XSHG,22.9309,2.5126,21447294955.0,1.392,2.8793,30394394479.5,0.1165,13816198314.4,13649396367.7,2012-02-29,-0.1380845221218761
329,600104.XSHG,7.2284,1.6986,173873185739.0,8.294,16.2283,287572669567.0,1.4380000000000002,326050006500.0,303962407442.0,2012-02-29,-0.0596086798147474
330,600109.XSHG,444.4133,3.4242,11102687576.0,2.3623,7.5052,17162970494.4,0.235,933904853.38,636255608.14,2012-02-29,-0.009904479272929593
331,600111.XSHG,10.785,11.8814,66933185940.0,44.4699,81.17399999999999,71565608899.2,2.5839999999999996,10090210627.2,3030566769.62,2012-02-29,0.2078876482357019
332,600118.XSHG,52.1437,6.6073,13325936022.0,3.7693,8.0043,16766444701.7,0.21,2199386774.76,2023977759.04,2012-02-29,-0.08836271040709015
333,600153.XSHG,6.0713,2.0666,16671243020.0,3.7507,22.287,58644592309.9,0.67,57151916342.1,55376769626.7,2012-02-29,-0.01745161290322582
334,600157.XSHG,20.0791,3.6243,10291507789.0,2.6639999999999997,11.9343,15812892893.0,0.3769,1001544733.63,782708578.35,2012-02-29,-0.09655342499537573
335,600170.XSHG,7.0906,1.1104,11563614870.0,1.6636,9.2416,60584579246.9,0.77,59021986646.2,58079160281.8,2012-02-29,0.17599839454144098
336,600177.XSHG,25.9914,1.8365,22177052482.0,2.9443,9.3741,53994958175.5,0.556,8031467770.26,7486149536.05,2012-02-29,-0.029107822727357936
337,600196.XSHG,11.9903,1.8007,17596585443.0,6.5683,11.672,25968946961.1,0.56,4632511537.23,4680608399.23,2012-02-29,-0.0010816021820148221
338,600208.XSHG,19.4571,2.4958,24408112807.0,1.8395,6.6286,48018656800.2,0.094,4020357021.45,3962653793.33,2012-02-29,-0.045798240185130346
339,600219.XSHG,12.058,0.9829,15221795876.0,6.3157,6.7724,15921578561.1,0.53,13328076902.6,11951377507.0,2012-02-29,-0.11054606670641473
340,600221.XSHG,9.3564,1.4534,21040003565.0,3.1037,17.1759,83888671116.5,0.55,19364906000.0,16937682000.0,2012-02-29,-0.13925221853051256
341,600233.XSHG,18.7128,1.9249,1798500000.0,7.186,7.5242,2323375048.45,0.3937,625222346.76,518707464.67,2012-02-29,-0.08257999574130348
342,600271.XSHG,19.607,4.3666,20905776000.0,14.3266,17.0158,26656174507.6,0.81,8277492415.43,7143232101.7,2012-02-29,-0.19346833432598767
343,600276.XSHG,29.2549,7.1268,30104730198.0,16.553,18.1488,33142205392.0,0.5975,3319215604.1,2485369711.99,2012-02-29,-0.020542061191930527
344,600297.XSHG,-761.2063,2.8003,2257500000.0,0.2762,0.6269,3853962529.37,0.0144,677118452.68,681222793.64,2012-02-29,-0.11317398901647535
345,600309.XSHG,14.735999999999999,4.4154,32089047245.0,13.969000000000001,23.4568,41428325676.0,0.71,10509011428.0,8192119490.58,2012-02-29,-0.1192785181659527
346,600340.XSHG,5.6372,4.6506,12958341742.0,5.8811,66.1488,32664901147.1,2.19,7790006804.62,6046169588.55,2012-02-29,-0.01815367606412374
347,600352.XSHG,12.1914,1.4761,9955860005.0,4.7907,10.7142,20180688902.5,0.4692,6188537909.9,5677642752.82,2012-02-29,-0.07376674289447893
348,600369.XSHG,-75.1692,2.1255,21042344332.0,0.9572,1.8066,32601570764.9,0.09,698581043.09,608138808.8,2012-02-29,-0.05628415300546436
349,600372.XSHG,52.4629,6.7426,23484156706.0,4.1892,8.3964,27740212649.3,0.32,2607228423.59,2296031479.95,2012-02-29,-0.15780214927130873
350,600373.XSHG,17.7159,2.8532,10868414545.0,7.585,11.7593,10101354598.5,0.75,3451114563.86,3149584541.19,2012-02-29,-0.15448688682595246
351,600376.XSHG,7.2226,1.446,17398017000.0,0.6819,3.1457,54071516981.2,0.25,2101925737.02,2318963571.53,2012-02-29,0.003427812089455249
352,600383.XSHG,7.7639,1.2561,25934749718.0,0.6583,2.6831,89624682029.8,0.11,6496176515.81,5725712937.71,2012-02-29,0.03276978922246961
353,600390.XSHG,-10.7358,4.02,2167077000.0,-6.641,-14.9267,2599088095.32,-0.54,1259446049.18,1368548921.43,2012-02-29,-0.08050221565731168
354,600406.XSHG,29.9441,12.1653,35659683229.0,15.7988,30.9476,35830153966.7,0.54,4660016950.72,3831184229.58,2012-02-29,-0.07010267130017334
355,600415.XSHG,48.6117,3.0071,23487469169.0,3.4476,7.5729999999999995,33213054639.1,0.21,2408867159.52,1700693411.9,2012-02-29,-0.15758178877969894
356,600436.XSHG,31.0515,8.5121,9800000000.0,12.8685,17.7691,8845660090.08,1.38,748436762.19,522811518.23,2012-02-29,-0.013289345003032893
357,600482.XSHG,48.1347,3.6681,4333400000.0,1.6273,4.3393,7375992274.18,0.11,3213977347.13,3159099518.08,2012-02-29,-0.05106591255166413
358,600485.XSHG,368.6567,2.7635,1355371080.0,0.3192,0.5041,2035899210.01,0.017,182013848.38,181750305.77,2012-02-29,-0.08078005835082147
359,600489.XSHG,19.2966,5.4664,46895445491.0,11.0412,20.1031,51793168958.4,0.72,22077562412.7,19588278492.7,2012-02-29,-0.1422591256732619
360,600498.XSHG,24.1953,3.1989,12429645113.0,3.8755,8.6064,17267180797.4,0.71,4643443858.48,4446362972.73,2012-02-29,-0.049114674367353145
361,600518.XSHG,21.5873,3.0224,27945661079.0,5.6848,9.2811,36535451788.6,0.299,4272739873.2,3470976301.44,2012-02-29,-0.0007864529299555893
362,600519.XSHG,17.0152,8.4936,212266282800.0,23.7021,31.8919,205800562683.0,6.33,13642075480.1,4362971847.48,2012-02-29,-0.03668209056812604
363,600522.XSHG,27.8402,1.7159,7456003027.0,6.4125,11.1701,8543046646.74,0.5589999999999999,4873970523.76,4455333585.18,2012-02-29,-0.07718276781564197
364,600535.XSHG,26.0446,5.5741,20088789620.0,9.5492,15.3388,22547542205.6,1.01,4761055734.4,4237410286.63,2012-02-29,-0.08920264871668576
365,600547.XSHG,20.7521,9.4485,53578676161.0,16.7003,36.2244,59607111767.7,1.1889,31433375580.3,29092486678.2,2012-02-29,-0.12908369579759885
366,600549.XSHG,15.1449,7.4468,25621988600.0,10.9039,30.7985,32943795578.5,1.3281,9767492350.92,7846581310.6,2012-02-29,0.09688673890329044
367,600570.XSHG,26.506,6.3144,7690842432.0,7.082999999999999,10.4672,8857976700.9,0.171,557557093.46,487914676.59,2012-02-29,-0.010549226945977956
368,600583.XSHG,84.9104,2.4962,23570006400.0,-0.5153,-1.012,30955642245.4,-0.02,4315266027.23,4411281909.18,2012-02-29,-0.08252015656283264
369,600588.XSHG,20.4653,5.1347,15175802626.0,1.7437,3.5984,19871253242.7,0.111,2236905267.0,2202500934.0,2012-02-29,0.009677808373364537
370,600606.XSHG,14.5266,1.2426,2606409590.0,2.4812,6.0919,5896376095.0,0.244,460443503.41,418360901.32,2012-02-29,-0.10984824161476066
371,600637.XSHG,41.4601,7.2442,18755315503.0,1.6403,2.8202,10240094448.6,0.0582,958604391.68,696579597.09,2012-02-29,-0.13717055141141987
372,600649.XSHG,11.2109,1.2153,15121465192.0,3.6153,7.4505,26669798964.3,0.39,2687870142.25,2124823091.15,2012-02-29,-0.06382751171097945
373,600660.XSHG,14.2439,2.8285,17626279722.0,10.3551,19.9104,23988384317.3,0.58,7101029788.0,5811567161.0,2012-02-29,-0.08976917803001445
374,600663.XSHG,28.9699,2.0761,22542945880.0,4.47,9.5896,32806301986.8,0.5436,3239719786.15,2030707272.89,2012-02-29,-0.06711128967456813
375,600674.XSHG,31.738000000000003,1.8344,11400303602.0,3.6003,6.2869,17771990584.9,0.3957,884145019.53,729367357.85,2012-02-29,-0.06710200405314108
376,600682.XSHG,30.9783,2.6168,2920321733.0,1.8545,4.9955,4729482908.37,0.15,1291117569.78,1209182044.01,2012-02-29,0.01840600428877777
377,600690.XSHG,8.9701,3.3783,28166987895.0,8.2353,28.3614,51294864925.2,0.8420000000000001,56997111693.0,53935280816.6,2012-02-29,-0.01906107367963484
378,600703.XSHG,12.9487,3.3215,18815499501.0,13.7415,17.7899,19505787718.7,0.65,1747311965.64,1227629588.83,2012-02-29,-0.14361796907481844
379,600704.XSHG,11.4989,1.9036,6376826924.0,3.0476,13.0462,24607681882.9,0.6226,26189090446.9,25405061934.5,2012-02-29,0.03201782996303554
380,600739.XSHG,6.1363,2.0737,19938410412.0,18.1868,23.9468,23803629081.2,1.4968,6199641829.04,5651246740.44,2012-02-29,0.09308426401531313
381,600741.XSHG,7.9294,1.6404,27175265841.0,10.5662,14.9581,43056365380.4,0.887,39480242542.7,36112670431.2,2012-02-29,-0.04942125271762237
382,600795.XSHG,8.7325,1.5519999999999998,42489014828.0,1.6977,8.01,165192754281.0,0.135,36896874822.4,34994940058.3,2012-02-29,-0.0652354570637118
383,600804.XSHG,54.0569,2.4846,8780641849.0,3.3668,4.3757,11234631133.0,0.11,1599996293.56,1415040308.86,2012-02-29,-0.06097099621689786
384,600816.XSHG,26.039,15.6931,7747112813.0,24.4067,45.9572,6479876679.27,0.4296,485006465.51,230775225.25,2012-02-29,-0.14302637538761712
385,600820.XSHG,12.6683,1.2583,6095562394.0,1.4962,6.8388,22326242104.6,0.42,11686034963.9,11699175155.0,2012-02-29,-0.0782371211309842
386,600827.XSHG,12.765,2.0262,22254645116.0,4.5488,11.5327,46335054009.4,0.682,35316872229.0,33780355629.5,2012-02-29,-0.0727567324021766
387,600837.XSHG,29.2567,1.6497,73721277773.0,2.6702,6.1132,117964509578.0,0.33,6949525753.13,3248396931.32,2012-02-29,0.005578766281641776
388,600886.XSHG,1041.9049,1.2793,14680343221.0,0.6709,3.6376,105695982583.0,0.1673,17440612504.8,16477615714.4,2012-02-29,-0.057490374518726024
389,600887.XSHG,12.9354,6.1012,36752860045.0,10.3845,35.3281,45082151151.5,1.13,37451372248.7,35959190702.9,2012-02-29,-0.041323781895684135
390,600893.XSHG,53.9,4.1698,16659574778.0,2.089,4.684,19922707041.4,0.17,4789308666.11,4576401164.83,2012-02-29,-0.0660550212420384
391,600895.XSHG,26.8637,1.9436,12234647445.0,0.3192,0.5995,23765895967.3,0.02,815230379.6,796830833.7,2012-02-29,-0.060748933394929185
392,600900.XSHG,15.0172,1.5789,107745000000.0,3.9727,9.555,196052314533.0,0.3835,15839292168.1,9653406377.63,2012-02-29,-0.0015360983102919053
393,600999.XSHG,71.1833,2.3309,56073030943.0,2.2818,7.6612,93862728401.3,0.3984,4245004306.6,1881393282.42,2012-02-29,-0.05652954361554696
394,601006.XSHG,8.7233,1.8031,113284951161.0,9.4583,15.7744,138058233974.0,0.62,33270504198.0,22597383300.0,2012-02-29,-0.022314422296383057
395,601009.XSHG,6.9745,1.3271,28679894654.0,0.9729,11.9318,265784636283.0,0.79,5269932544.25,2426120717.23,2012-02-29,-0.09006412332404956
396,601018.XSHG,12.5787,1.3747,34432000000.0,5.6282,7.9737,43998858000.0,0.15,5144634000.0,3449556000.0,2012-02-29,-0.0854974201526587
397,601099.XSHG,100.2757,5.1944,10989220581.0,2.1634,6.0429,14750807245.2,0.081,550442270.88,373939873.74,2012-02-29,-0.07388530075480497
398,601117.XSHG,10.8289,2.1836,33248420000.0,3.7964,9.998,59940141953.6,0.28,28584012574.3,26807593037.6,2012-02-29,-0.1320470256138831
399,601118.XSHG,33.5044,3.4977,31803178244.0,5.7621,8.2074,36685164084.1,0.1807,7360835424.88,6527634483.62,2012-02-29,-0.17058704248200335
400,601166.XSHG,4.7509,1.3425,154353543328.0,0.9557,18.8962,2109892633950.0,1.74,41087000000.0,16439000000.0,2012-02-29,-0.06917787664887852
401,601169.XSHG,6.0139,1.3235,66697187746.0,0.9743,17.1367,870782553162.0,1.25,15008708000.0,5019552000.0,2012-02-29,-0.08309777985125825
402,601216.XSHG,16.885,2.2669,11347200000.0,8.2737,14.9585,14498890326.7,0.7833,2841228959.01,2315399962.94,2012-02-29,-0.09758209551721846
403,601377.XSHG,297.3284,3.0423,24816000000.0,1.9521,4.8766,40650559463.1,0.1862,1792924631.15,1124455503.18,2012-02-29,-0.15072347266881028
404,601555.XSHG,-146.8529,2.247,16560000000.0,1.2856,5.3312,10615087404.2,0.15,921942200.48,627181924.52,2012-02-29,-0.13646682488907233
405,601668.XSHG,5.5007,1.101,98100000000.0,3.1068,11.8265,455458892000.0,0.32,347139842000.0,330053219000.0,2012-02-29,-0.06725006434533222
406,601669.XSHG,9.9392,1.5776,43008000000.0,2.07,13.783,127684649912.0,0.39,77604834367.0,74273976691.7,2012-02-29,-0.07812299561279729
407,601688.XSHG,349.6806,1.6777,50288000000.0,1.3766,4.0387,104428527604.0,0.24,4341811673.32,2543546407.58,2012-02-29,-0.022277010875686874
408,601718.XSHG,19.1863,1.504,14000910000.0,3.7272,6.0091,20272885892.0,0.14,18430800881.6,17815103873.4,2012-02-29,-0.055104878896743516
409,601788.XSHG,46.5277,1.9604,41357800000.0,2.6056,6.1963,67228677313.6,0.4,3519945982.57,1792572625.41,2012-02-29,-0.01074382386938962
410,601818.XSHG,5.3345,1.2992,124539153200.0,0.8972,16.4154,1690341240500.0,0.35,33864644000.0,14974219000.0,2012-02-29,-0.07467371551296863
411,601872.XSHG,-38.6121,1.1968,11227210410.0,1.2247,2.0814,18475058761.7,0.0583,2065380265.53,1918890905.01,2012-02-29,-0.09480915495426034
412,601877.XSHG,15.1239,3.3197,15276000000.0,9.4408,14.2841,18708165641.3,0.62,7210108467.27,6312990307.36,2012-02-29,0.013157193274264593
413,601888.XSHG,24.7835,5.0845,23795200000.0,9.5381,12.8348,24181789608.5,0.6327,9024918199.77,8240386993.88,2012-02-29,-0.055471082714230464
414,601901.XSHG,-39.9583,2.086,29341000000.0,0.7845,1.9149,51264469990.4,0.05,1299054439.72,1013845956.23,2012-02-29,-0.13097075722493784
415,601933.XSHG,37.8023,5.8396,23758826000.0,5.2015,9.3306,23163714670.7,0.48,12474297901.6,12006047152.4,2012-02-29,-0.03394497990839352
416,601958.XSHG,69.8913,3.3073,44494874676.0,3.4829,3.7683,49362258100.8,0.16,5661327167.22,4985687166.74,2012-02-29,-0.07614354708678979
417,601989.XSHG,17.4332,2.2569999999999997,88739624301.0,2.8561,11.4416,215506539959.0,0.47,47103852071.9,42626100596.9,2012-02-29,-0.07272353052158557
418,000001.XSHE,5.6243,1.1157,80487835035.0,1.0467,19.3011,1255182171990.0,2.47,29643061000.0,16510360000.0,2012-03-30,0.0
419,000002.XSHE,7.6078,1.7188,91040340605.0,4.5325,19.8042,304844317972.0,0.88,71782749800.7,56716379546.6,2012-03-30,0.0
420,000008.XSHE,-351.0767,9.3536,690867091.0,-0.6953,-0.7277,516584997.84,0.22,310424307.68,271317987.23,2012-03-30,0.0
421,000060.XSHE,14.9907,3.3798,17906326838.0,7.644,19.2519,23470108773.9,0.46,18669052308.8,17097699522.0,2012-03-30,0.0
422,000069.XSHE,11.8285,2.4071,39210157656.0,5.9053,21.5361,83363087756.1,0.4369,17324174032.8,13357970043.7,2012-03-30,0.0
423,000100.XSHE,10.8491,1.5295,17291486421.0,2.6214,9.39,69004306654.6,0.1195,60834136000.0,59927074000.0,2012-03-30,0.0
424,000402.XSHE,8.4661,1.0529,19070602797.0,3.2233,10.3965,56511787330.1,0.6,7303544153.27,5440677926.67,2012-03-30,0.0
425,000413.XSHE,215.8334,20.5933,4787500000.0,3.2405,5.2307,3688567992.99,0.03,104425459.95,89559250.79,2012-03-30,0.0
426,000415.XSHE,18.733,1.2770000000000001,9031223070.0,2.4316,5.3231,18456440671.3,0.4563,2062786138.92,1453559372.07,2012-03-30,0.0
427,000423.XSHE,23.3341,7.702000000000001,26370148372.0,22.2457,27.7653,28626570832.2,1.3091,2758848253.77,1785710748.62,2012-03-30,0.0
428,000425.XSHE,7.2637,1.8336,27764724753.0,9.9592,21.1151,53846101659.4,1.37,25233044684.7,21955101570.5,2012-03-30,0.0
429,000503.XSHE,218.322,4.2211,5204180561.0,0.1796,0.3275,6249917784.47,0.0045,99694183.97,135382267.29,2012-03-30,0.0
430,000538.XSHE,22.8474,6.1512,34171796096.0,14.4811,24.2936,40208905732.0,1.74,11312322432.0,9956426371.45,2012-03-30,0.0
431,000540.XSHE,20.7532,4.7718,10281650828.0,2.3934,17.664,22467665936.4,0.2538,2004355082.02,1749636830.11,2012-03-30,0.0
432,000559.XSHE,17.9841,2.3487,9081602372.0,6.0345,12.196,13383726809.0,0.301,8318004995.04,7834984043.77,2012-03-30,0.0
433,000568.XSHE,15.1189,7.6024,54500821117.0,24.1712,34.1465,56573570954.2,1.44,5628271589.15,2856713520.1,2012-03-30,0.0
434,000623.XSHE,5.7662,1.7438,15721475537.0,20.7774,23.1428,18804075329.3,2.7168,809481664.08,690911564.42,2012-03-30,0.0
435,000625.XSHE,-206.0487,1.3857,20423441153.0,2.7517,7.0257,37217163392.5,0.19,19606549988.7,20002232604.2,2012-03-30,0.0
436,000627.XSHE,-16.9425,2.8523,3925410611.0,-2.728,-3.1988,5262950195.63,-0.036000000000000004,797135024.42,832484948.18,2012-03-30,0.0
437,000630.XSHE,13.7555,2.698,26939447098.0,4.6669,16.9574,44879917158.7,1.02,70740641187.8,69100816959.8,2012-03-30,0.0
438,000651.XSHE,9.8658,3.4731,61149904375.0,4.9914,25.6552,125069492621.0,1.3388,64074612708.6,61158359767.8,2012-03-30,0.0
439,000671.XSHE,67.8616,2.1572,4330924804.0,0.8814,5.9695,11761758216.0,0.19,1828169582.43,1706703767.9,2012-03-30,0.0
440,000686.XSHE,-11.380999999999998,3.0863,9449037981.0,-0.9405,-4.6268,17282017178.4,-0.24,809643896.26,988001263.76,2012-03-30,0.0
441,000709.XSHE,29.572,0.7158,30581589217.0,0.8678,2.8371,99804099745.6,0.15,107770205166.0,106446201521.0,2012-03-30,0.0
442,000723.XSHE,72.1069,4.5014,2121907764.0,3.7628,6.7973,2643902662.49,0.23,1211363701.77,1164178657.88,2012-03-30,0.0
443,000725.XSHE,7.5707,0.9248,23662699097.0,-3.8791,-8.9859,59972852071.9,-0.16,8514636554.0,10928202542.0,2012-03-30,0.0
444,000728.XSHE,99.456,1.3519,19935615000.0,2.3694,3.7792,24222688271.0,0.29,1775119765.54,1078080892.28,2012-03-30,0.0
445,000738.XSHE,48.3079,3.7526,9296387482.0,3.2868,5.6005,12090522078.9,0.1412,1350949551.65,1208450823.91,2012-03-30,0.0
446,000750.XSHE,-39.5158,4.7056,12077753599.0,1.974,2.8891,16163489949.5,0.05,1270544402.3,1119632606.68,2012-03-30,0.0
447,000768.XSHE,-146.9721,2.0279,19077661988.0,0.6449,1.1533,28815376269.6,0.15,13147436447.4,12731920988.3,2012-03-30,0.0
448,000776.XSHE,801.5667,2.5837,80443170996.0,1.7866,6.13,136014621813.0,0.61,4325459005.79,2377388304.37,2012-03-30,0.0
449,000783.XSHE,-49.6031,1.8034,20487460369.0,1.0097,3.1584,38751827912.8,0.14,1337998541.45,967274968.36,2012-03-30,0.0
450,000792.XSHE,18.8335,3.7099,50737243576.0,10.3733,19.9274,65063598827.6,1.7917,6777563100.5,4063344654.8,2012-03-30,0.0
451,000826.XSHE,22.9396,5.7503,9057452870.0,5.8911,13.970999999999998,12253603099.7,0.462,1024996030.27,798413138.46,2012-03-30,0.0
452,000839.XSHE,390.8897,2.1751,12621840855.0,1.4902,2.5131,15275396795.0,0.0933,1771709646.27,2006770784.44,2012-03-30,0.0
453,000858.XSHE,15.7406,5.3919,124659547085.0,19.5012,29.8756,134639370333.0,1.6219999999999999,20350594468.7,11853596549.1,2012-03-30,0.0
454,000876.XSHE,7.5361,3.0257,29001705791.0,7.4287,14.0505,20968360549.5,1.03,50764868718.2,49120061669.7,2012-03-30,0.0
455,000895.XSHE,-1419.192,11.3408,41753048610.0,8.5851,15.3668,45371051973.1,1.21,35831824609.2,34187111640.2,2012-03-30,0.0
456,000938.XSHE,48.8281,3.2215,2580121600.0,1.6298,4.2112,3529790114.27,0.162,3644404043.75,3629839989.02,2012-03-30,0.0
457,000959.XSHE,-24.7433,1.0636,8068950875.0,0.0867,2.0863,21615136271.8,0.0549,9502575535.22,9992265480.22,2012-03-30,0.0
458,000961.XSHE,11.0607,2.2868,12425809365.0,2.4954,13.1395,31471593062.6,0.55,7903065272.29,7025337345.32,2012-03-30,0.0
459,000963.XSHE,24.2517,7.0694,10808093776.0,9.6255,28.3907,15432275671.2,0.88,11131372422.8,10529566396.9,2012-03-30,0.0
460,000983.XSHE,15.4897,3.3172,46259616000.0,8.8914,21.1767,66959755685.4,0.8934,30372415725.9,26268509122.2,2012-03-30,0.0
461,002007.XSHE,102.1363,5.5696,13183565824.0,11.9395,13.7822,12957134001.1,0.535,738447615.67,363505122.7,2012-03-30,0.0
462,002008.XSHE,9.3698,2.6083,7321220166.0,5.7164,11.6348,11923045459.0,0.2756,2673513831.05,2362243445.18,2012-03-30,0.0
463,002024.XSHE,12.1173,3.055,68213065694.0,7.0214,17.3106,105525576525.0,0.4892,67625499000.0,63105122000.0,2012-03-30,0.0
464,002027.XSHE,-10.2948,2.031,1227480571.0,0.1718,0.257,1805997930.82,0.0056,947381266.9,941843709.87,2012-03-30,0.0
465,002044.XSHE,21.9208,5.4775,2074312500.0,11.7049,16.677,2247242668.43,0.26,776359138.99,698699467.74,2012-03-30,0.0
466,002065.XSHE,20.9231,4.8407,10975785920.0,9.892999999999999,14.5688,11373623438.7,0.5093,1606056451.02,1335501978.86,2012-03-30,0.0
467,002074.XSHE,35.5988,3.7553,1621555200.0,5.7557,10.5459,2441487011.21,0.18,493069178.84,440614415.3,2012-03-30,0.0
468,002081.XSHE,18.8304,6.517,20279007067.0,9.7896,31.9623,21684655943.0,0.9086,6432177806.42,5839048120.1,2012-03-30,0.0
469,002142.XSHE,6.3188,1.4131,26444634251.0,1.0298,15.1654,240797776509.0,0.89,5706374000.0,2764872000.0,2012-03-30,0.0
470,002146.XSHE,9.432,3.1403,19270451200.0,6.1849,28.1244,36525974587.5,0.82,9501697850.13,7527438827.48,2012-03-30,0.0
471,002153.XSHE,27.1327,7.7987,8528620800.0,23.1272,26.8672,8020409910.28,0.85,720871724.09,459934504.5,2012-03-30,0.0
472,002174.XSHE,-175.0677,5.1179,1168623487.0,0.1001,0.77,1344172473.18,0.021,226840813.26,228325157.3,2012-03-30,0.0
473,002230.XSHE,55.1711,7.6958,9054614856.0,6.4937,7.8906,7670455233.62,0.28,342597396.99,285178588.37,2012-03-30,0.0
474,002236.XSHE,27.0707,8.9106,13418185632.0,18.5614,28.2185,14497331409.3,0.68,2205208207.08,1870266206.55,2012-03-30,0.0
475,002241.XSHE,25.0179,9.3496,19503567173.0,12.5641,28.3838,21406888919.4,0.7,4077000282.02,3442373221.06,2012-03-30,0.0
476,002252.XSHE,32.3552,7.6129999999999995,6963200000.0,20.5634,23.0464,6548140113.62,0.41,567385772.05,332487329.98,2012-03-30,0.0
477,002292.XSHE,69.498,6.7223,9273344000.0,5.7157,6.7608,7207363453.14,0.22,727006274.15,623049692.79,2012-03-30,0.0
478,002294.XSHE,22.0145,4.6995,10020688000.0,17.5518,20.285,9032780709.17,0.93,1474884526.25,1009118281.65,2012-03-30,0.0
479,002304.XSHE,22.6876,13.39,132435000000.0,22.9515,37.134,127056431081.0,3.24,9697320356.4,5655841725.15,2012-03-30,0.0
480,002310.XSHE,21.2719,7.2877,13645150998.0,13.5919,22.8921,14699468220.1,2.29,1965187858.05,1566421577.31,2012-03-30,0.0
481,002352.XSHE,26.7122,2.1966,1578408218.0,3.2224,4.3585,2073680968.64,0.4,470163824.47,438363251.57,2012-03-30,0.0
482,002385.XSHE,20.0717,4.0167,13975896000.0,12.0224,15.3559,13933914573.8,0.63,7835999796.19,7232577704.99,2012-03-30,0.0
483,002411.XSHE,28.6092,3.179,2458998000.0,5.2652,5.4527,3020826515.22,0.17,770044002.13,712509134.65,2012-03-30,0.0
484,002415.XSHE,22.301,6.2558,42600000000.0,12.7014,14.6805,40368127810.4,0.87,3453156822.06,2470651269.54,2012-03-30,0.0
485,002424.XSHE,25.4517,3.4377,6580896000.0,4.5786,6.8463,8407405957.77,0.27,701417429.65,554485320.02,2012-03-30,0.0
486,002426.XSHE,1453.9937,2.1408,2774841300.0,3.7132,5.2927,4088639981.93,0.1697,1115660255.45,1062257040.89,2012-03-30,0.0
487,002450.XSHE,41.8145,7.7914,8005017600.0,8.5786,13.64,8172476886.87,0.25,1526021238.48,1361799025.74,2012-03-30,0.0
488,002456.XSHE,-396.1828,4.3455,4227840000.0,-1.4387,-2.6004,4688450853.06,-0.13,648674946.38,677435315.07,2012-03-30,0.0
489,002460.XSHE,51.5283,4.6923,3397500000.0,6.6092,7.5495,3197169770.64,0.36,474978594.99,416686866.1,2012-03-30,0.0
490,002465.XSHE,35.4084,1.8658,7976831175.0,2.5843,2.9048,8694467710.3,0.3679,658569640.25,549797985.66,2012-03-30,0.0
491,002466.XSHE,101.7065,4.2954,4227720000.0,3.7034,4.1512,4088187810.61,0.27,402733165.74,362513611.6,2012-03-30,0.0
492,002468.XSHE,-31.0402,2.4028,1824000000.0,0.7376,1.3762,2513000529.23,0.05,1057038256.57,1062659868.5,2012-03-30,0.0
493,002470.XSHE,16.9727,3.076,9492000000.0,8.8706,15.0371,11265931536.0,0.62,7626786481.41,7087322970.89,2012-03-30,0.0
494,002475.XSHE,20.276,4.3916,8081700000.0,13.8564,14.7823,10111500607.8,0.7,2555567715.02,2142231727.61,2012-03-30,0.0
495,002500.XSHE,-295.3518,2.5931,15478710000.0,0.8005,2.2936,28146131862.0,0.06,764146400.0,593553103.0,2012-03-30,0.0
496,002508.XSHE,18.1816,2.8854,4357120000.0,10.3775,12.9807,4477849449.3,0.73,1533887592.05,1324334166.18,2012-03-30,0.0
497,002555.XSHE,43.1225,1.8125,1386900000.0,6.5624,8.5893,1570649266.68,0.32,338147326.91,306830598.72,2012-03-30,0.0
498,002558.XSHE,28.3488,2.3688,1397655000.0,9.9908,11.7911,1389228899.41,0.78,322148342.67,275219517.82,2012-03-30,0.0
499,002572.XSHE,22.9805,2.9742,4055300000.0,14.5855,17.0759,4522298361.83,0.66,1003596349.09,840871210.14,2012-03-30,0.0
500,002601.XSHE,14.9706,4.1365,8342500000.0,16.0068,27.3354,8390870389.73,4.32,1510362207.38,1126040681.21,2012-03-30,0.0
501,002602.XSHE,19.9803,1.6069,2479750000.0,9.5175,12.6759,3363782564.41,0.88,745992572.11,605838766.87,2012-03-30,0.0
502,002608.XSHE,20.7309,1.5531,3072300000.0,3.6252,10.8872,6726447058.26,1.43,1953159642.57,1756742374.55,2012-03-30,0.0
503,002624.XSHE,24.2601,2.8793,1400000000.0,12.3847,23.1718,197559732.15,0.66,332677250.53,285246943.45,2012-03-30,0.0
504,300003.XSHE,19.9426,4.5637,10685920000.0,20.2656,21.469,11165102205.0,0.5827,919846240.19,387078914.13,2012-03-30,0.0
505,300015.XSHE,38.3732,6.2725,8578176000.0,10.2975,13.0022,10893179662.7,0.4,1310624472.34,1068350274.35,2012-03-30,0.0
506,300017.XSHE,34.3883,3.1403,2447380719.0,6.7658,7.2148,2074382364.53,0.35,542142099.45,488544536.59,2012-03-30,0.0
507,300024.XSHE,24.0461,4.2827,5084032800.0,11.1411,14.3322,5649031649.94,0.54,783560295.36,660155154.87,2012-03-30,0.0
508,300027.XSHE,32.5273,4.9465,8346240000.0,9.1591,12.527000000000001,10244797250.8,0.34,892383406.7,653546488.04,2012-03-30,0.0
509,300033.XSHE,66.7901,1.9233,2150400000.0,4.0142,4.5664,2717977058.33,0.37,167909628.35,118080013.56,2012-03-30,0.0
510,300059.XSHE,28.5614,2.4578,4179000000.0,6.0782,6.4303,4148292910.01,0.32,280308218.79,170605529.44,2012-03-30,0.0
511,300070.XSHE,23.9369,3.7553,12256860000.0,9.5062,11.1152,14378756255.8,0.63,1026008242.5,659142420.22,2012-03-30,0.0
512,300072.XSHE,26.578000000000003,3.0875,3525064800.0,5.6713,8.6305,3726120775.6,0.25,600577390.19,488027493.33,2012-03-30,0.0
513,300122.XSHE,63.391999999999996,3.8174,8620000000.0,8.5133,8.927,10960030335.9,0.49,628740039.4,440883225.68,2012-03-30,0.0
514,300124.XSHE,21.9052,4.0227,10072080000.0,13.4915,14.1746,11829628500.3,0.87,1054026834.36,701805922.96,2012-03-30,0.0
515,300136.XSHE,23.4066,3.5632,2404120200.0,11.2043,11.6616,2446886494.44,0.5658,162976630.43,79980599.28,2012-03-30,0.0
516,300144.XSHE,27.9797,2.9082,7865088000.0,7.3876,8.4863,9670402217.16,0.4,504532175.14,223844591.1,2012-03-30,0.0
517,300251.XSHE,27.1738,3.6282,6488320000.0,15.2823,17.4047,6738327089.54,0.85,697925090.26,486994028.63,2012-03-30,0.0
518,600000.XSHG,4.7062,1.1194,166575499736.0,1.122,20.0715,2680143448310.0,1.463,67918000000.0,32161000000.0,2012-03-30,0.0
519,600008.XSHG,19.223,2.0079,10824000000.0,1.974,5.1517,21623828218.2,0.1198,1855861893.47,1577820959.16,2012-03-30,0.0
520,600009.XSHG,14.7447,1.6208,24896303148.0,8.8693,10.1965,26607369528.1,0.78,4611211636.06,3235233721.03,2012-03-30,0.0
521,600010.XSHG,55.0722,2.9646,38220679771.0,1.0779,3.8675,63493259430.9,0.08,42814922834.1,42158308572.1,2012-03-30,0.0
522,600015.XSHG,5.9013,1.15,73497557576.0,0.8073,18.5558,1250142631230.0,1.48,33543795435.3,21020284475.1,2012-03-30,0.0
523,600018.XSHG,16.3696,1.4558,65990020985.0,7.7675,11.707,88583421403.7,0.2131,21778857219.1,15029003415.5,2012-03-30,0.0
524,600019.XSHG,45.0291,0.7844,83532469380.0,2.96,6.0051,210235683181.0,0.36,167324609438.0,159509674906.0,2012-03-30,0.0
525,600021.XSHG,13.7082,1.7085,10056774508.0,2.0875,7.955,32870203988.8,0.2165,17376288190.1,17431749054.3,2012-03-30,0.0
526,600031.XSHG,7.9756,4.7387,93174774301.0,22.6237,55.7759,124322481393.0,1.14,50776301000.0,41001672000.0,2012-03-30,0.0
527,600038.XSHG,59.1548,3.9284,5913745500.0,3.7127,7.4835,7549225321.68,0.3255,2769433684.61,2647758976.67,2012-03-30,0.0
528,600048.XSHG,8.2482,1.9047,67156630560.0,2.052,11.1958,218727868096.0,0.58,21814023615.9,16895904145.0,2012-03-30,0.0
529,600050.XSHG,56.3914,1.2624,89661602751.0,0.9285,1.9904,356158970113.0,0.0666,215518511458.0,211730376165.0,2012-03-30,0.0
530,600061.XSHG,208.6571,4.4231,2587370128.0,1.4569,2.9063,3189613887.04,0.04,3013712499.72,2997834213.27,2012-03-30,0.0
531,600066.XSHG,10.9518,4.9092,16363215731.0,15.7443,40.5282,16173315675.3,2.06,16931925945.1,15608441565.2,2012-03-30,0.0
532,600068.XSHG,14.4846,2.2434,24970206275.0,2.9949,14.5196,77784235274.6,0.445,46539896164.9,44505331211.1,2012-03-30,0.0
533,600074.XSHG,7.0443,5.2279,1983722400.0,-1.0165,-7.5689,5932804514.11,-0.042,1483101015.54,1501724300.22,2012-03-30,0.0
534,600085.XSHG,33.8343,5.212999999999999,18124754474.0,9.7481,13.0291,20668016162.0,0.336,6108383711.48,5331517422.65,2012-03-30,0.0
535,600089.XSHG,23.9858,1.5813,20320166366.0,4.3156,9.9745,39861127742.5,0.4664,18164744134.4,17118737525.5,2012-03-30,0.0
536,600100.XSHG,19.7643,2.1656,18485620304.0,1.392,2.8793,30394394479.5,0.1165,13816198314.4,13649396367.7,2012-03-30,0.0
537,600104.XSHG,6.7976,1.5974,163509153108.0,11.5922,21.3675,326217540077.0,1.834,434803949081.0,406246596344.0,2012-03-30,0.0
538,600109.XSHG,440.0092,3.3903,10992660943.0,2.3623,7.5052,17162970494.4,0.235,933904853.38,636255608.14,2012-03-30,0.0
539,600111.XSHG,13.0271,14.3514,80847828720.0,47.7017,86.4237,50282341533.1,1.436,11528262124.0,4266557585.09,2012-03-30,0.0
540,600118.XSHG,47.5363,6.0235,12148459135.0,5.9612,12.1394,16661781064.2,0.25,3611261072.42,3352571226.81,2012-03-30,0.0
541,600153.XSHG,5.9654,2.0305,16380335424.0,3.7507,22.287,58644592309.9,0.67,57151916342.1,55376769626.7,2012-03-30,0.0
542,600157.XSHG,28.2438,5.0981,14476312551.0,3.5589999999999997,18.0666,18899889475.8,0.1879,2061757905.27,1610615518.51,2012-03-30,0.0
543,600170.XSHG,8.3385,1.3058,13598811087.0,2.421,13.8168,65610963062.9,0.59,83005730321.7,81734383907.4,2012-03-30,0.0
544,600177.XSHG,25.2346,1.7830000000000001,21531335091.0,4.2358,13.515999999999998,55037976937.7,0.79,11539440070.3,10540533381.4,2012-03-30,0.0
545,600196.XSHG,11.9773,1.7988,17577541520.0,7.0793,12.8125,25343722460.8,0.61,6485540800.81,6565480819.12,2012-03-30,0.0
546,600208.XSHG,18.5659,2.3815,23290183976.0,1.8395,6.6286,48018656800.2,0.094,4020357021.45,3962653793.33,2012-03-30,0.0
547,600219.XSHG,10.725,0.8743,13539081465.0,6.3157,6.7724,15921578561.1,0.53,13328076902.6,11951377507.0,2012-03-30,0.0
548,600221.XSHG,8.0539,1.251,18110905029.0,3.1037,17.1759,83888671116.5,0.55,19364906000.0,16937682000.0,2012-03-30,0.0
549,600233.XSHG,17.1677,1.766,1650000000.0,7.186,7.5242,2323375048.45,0.3937,625222346.76,518707464.67,2012-03-30,0.0
550,600271.XSHG,15.8137,3.5218,16861284000.0,18.6827,21.9906,19698478784.6,1.07,11539776579.1,10127765400.1,2012-03-30,0.0
551,600276.XSHG,28.654,6.9804,29486447838.0,21.5846,23.0337,33472559932.8,0.7089,4550391768.99,3519161464.08,2012-03-30,0.0
552,600297.XSHG,-675.0542,2.4834,2002000000.0,0.3904,0.6756,2865621242.3,0.0155,919976678.92,927385937.92,2012-03-30,0.0
553,600309.XSHG,12.9784,3.8888,28261714790.0,15.7792,27.6414,36798147451.4,0.86,13662307339.4,10932291316.5,2012-03-30,0.0
554,600340.XSHG,5.5349,4.5662,12723163126.0,5.8811,66.1488,32664901147.1,2.19,7790006804.62,6046169588.55,2012-03-30,0.0
555,600352.XSHG,11.2924,1.3673,9221652040.0,4.7907,10.7142,20180688902.5,0.4692,6188537909.9,5677642752.82,2012-03-30,0.0
556,600369.XSHG,-70.9378,2.0059,19857841505.0,1.2957,2.499,27629934419.1,0.11,1040250610.82,820795610.37,2012-03-30,0.0
557,600372.XSHG,44.1841,5.6786,19778294328.0,6.2382,12.6507,23022119040.6,0.3125,3663657840.23,3201084952.02,2012-03-30,0.0
558,600373.XSHG,14.979000000000001,2.4124,9189369292.0,7.6199,13.3854,12774505957.7,0.8515,6981359397.4,6720292836.28,2012-03-30,0.0
559,600376.XSHG,7.2474,1.4509999999999998,17457804000.0,3.6584,16.6781,62220853110.4,1.2556,9042481279.82,7571326689.54,2012-03-30,0.0
560,600383.XSHG,8.0182,1.2973,26784336346.0,0.6583,2.6831,89624682029.8,0.11,6496176515.81,5725712937.71,2012-03-30,0.0
561,600390.XSHG,-9.8715,3.6963,1992622500.0,-6.641,-14.9267,2599088095.32,-0.54,1259446049.18,1368548921.43,2012-03-30,0.0
562,600406.XSHG,27.8449,11.3125,33159829147.0,15.7988,30.9476,35830153966.7,0.54,4660016950.72,3831184229.58,2012-03-30,0.0
563,600415.XSHG,40.951,2.5332,19786083530.0,3.8241,8.6281,31340010246.4,0.24,3396335506.95,2582127317.61,2012-03-30,0.0
564,600436.XSHG,30.639,8.399,9669800000.0,12.8685,17.7691,8845660090.08,1.38,748436762.19,522811518.23,2012-03-30,0.0
565,600482.XSHG,45.6768,3.4808,4112120000.0,2.1598,6.0454,5773965638.45,0.15,4074755282.69,4002004033.01,2012-03-30,0.0
566,600485.XSHG,338.8777,2.5403,1245888140.0,0.3192,0.5041,2035899210.01,0.017,182013848.38,181750305.77,2012-03-30,0.0
567,600489.XSHG,16.5514,4.6887,40224126886.0,11.0412,20.1031,51793168958.4,0.72,22077562412.7,19588278492.7,2012-03-30,0.0
568,600498.XSHG,23.0071,3.0418,11819221260.0,3.8755,8.6064,17267180797.4,0.71,4643443858.48,4446362972.73,2012-03-30,0.0
569,600518.XSHG,21.5703,3.02,27923673934.0,5.6848,9.2811,36535451788.6,0.299,4272739873.2,3470976301.44,2012-03-30,0.0
570,600519.XSHG,16.391,8.1821,204479932800.0,23.7021,31.8919,205800562683.0,6.33,13642075480.1,4362971847.48,2012-03-30,0.0
571,600522.XSHG,25.6919,1.5835,6880657911.0,6.4125,11.1701,8543046646.74,0.5589999999999999,4873970523.76,4455333585.18,2012-03-30,0.0
572,600535.XSHG,23.7213,5.0769,18296807616.0,10.5894,17.6777,24411997267.1,1.18,6569664575.38,5910706258.12,2012-03-30,0.0
573,600547.XSHG,18.0734,8.2289,46662544258.0,17.8272,39.8064,45441199910.7,1.34,39414807405.3,36700345972.0,2012-03-30,0.0
574,600549.XSHG,16.6123,8.1683,28104395800.0,12.1247,34.0401,26327052685.8,1.4968,11910403995.6,9774788560.81,2012-03-30,0.0
575,600570.XSHG,26.2266,6.2478,7609754880.0,15.6636,23.0366,7957036706.92,0.41,1048193404.23,858528112.45,2012-03-30,0.0
576,600583.XSHG,77.9046,2.2902,21625286400.0,1.0141,1.9594,30043206194.2,0.05,7384516743.79,7145258208.9,2012-03-30,0.0
577,600588.XSHG,20.6633,5.1844,15322665232.0,10.7718,19.5851,16267204430.0,0.55,4122161666.0,3819784251.0,2012-03-30,0.0
578,600606.XSHG,12.9309,1.1061,2320099446.0,4.0517,10.0443,5654092424.06,0.39,918538914.46,858479013.69,2012-03-30,0.0
579,600637.XSHG,35.7729,6.2505,16182585170.0,1.6403,2.8202,10240094448.6,0.0582,958604391.68,696579597.09,2012-03-30,0.0
580,600649.XSHG,10.4953,1.1378,14156265286.0,4.2491,8.9978,27239977229.7,0.37,4684821402.15,4030493176.24,2012-03-30,0.0
581,600660.XSHG,12.9652,2.5746,16043920519.0,10.3551,19.9104,23988384317.3,0.58,7101029788.0,5811567161.0,2012-03-30,0.0
582,600663.XSHG,27.0258,1.9367,21030121840.0,3.8696,9.3179,32996090452.4,0.5274,4165872451.54,3021226682.36,2012-03-30,0.0
583,600674.XSHG,34.7815,2.0103,12493507779.0,3.4759,5.9611,17356517489.7,0.1933,1151031561.17,1021032950.23,2012-03-30,0.0
584,600682.XSHG,31.5484,2.665,2974069986.0,1.8545,4.9955,4729482908.37,0.15,1291117569.78,1209182044.01,2012-03-30,0.0
585,600690.XSHG,8.7991,3.3139,27629962387.0,8.2353,28.3614,51294864925.2,0.8420000000000001,56997111693.0,53935280816.6,2012-03-30,0.0
586,600703.XSHG,10.832,2.7785,15739750158.0,13.7415,17.7899,19505787718.7,0.65,1747311965.64,1227629588.83,2012-03-30,0.0
587,600704.XSHG,11.8671,1.9645,6581043489.0,3.0476,13.0462,24607681882.9,0.6226,26189090446.9,25405061934.5,2012-03-30,0.0
588,600739.XSHG,6.7075,2.2667,21794415762.0,18.1868,23.9468,23803629081.2,1.4968,6199641829.04,5651246740.44,2012-03-30,0.0
589,600741.XSHG,7.5374,1.5593,25832001750.0,13.5491,19.2029,40933152129.2,1.158,52298780651.9,48285816917.0,2012-03-30,0.0
590,600795.XSHG,8.1631,1.4508,39718601727.0,2.678,13.802999999999999,185347229643.0,0.237,50911436829.6,49115312274.9,2012-03-30,0.0
591,600804.XSHG,50.7608,2.3331,8245236858.0,3.3668,4.3757,11234631133.0,0.11,1599996293.56,1415040308.86,2012-03-30,0.0
592,600816.XSHG,22.3148,13.4486,6639084954.0,24.4067,45.9572,6479876679.27,0.4296,485006465.51,230775225.25,2012-03-30,0.0
593,600820.XSHG,11.6774,1.1599,5618773518.0,1.4962,6.8388,22326242104.6,0.42,11686034963.9,11699175155.0,2012-03-30,0.0
594,600827.XSHG,11.8362,1.8788,20635499109.0,4.5488,11.5327,46335054009.4,0.682,35316872229.0,33780355629.5,2012-03-30,0.0
595,600837.XSHG,29.42,1.6589,74132668832.0,3.0631,6.9334,111613357407.0,0.38,9292729959.25,5125055308.55,2012-03-30,0.0
596,600886.XSHG,981.987,1.2057,13836106231.0,0.6709,3.6376,105695982583.0,0.1673,17440612504.8,16477615714.4,2012-03-30,0.0
597,600887.XSHG,12.4009,5.8491,35234146820.0,10.3845,35.3281,45082151151.5,1.13,37451372248.7,35959190702.9,2012-03-30,0.0
598,600893.XSHG,50.3396,3.8943,15559105810.0,3.0460000000000003,6.6532,19084961116.1,0.24,6805960553.53,6503805141.83,2012-03-30,0.0
599,600895.XSHG,25.2314,1.8255,11491276461.0,0.3192,0.5995,23765895967.3,0.02,815230379.6,796830833.7,2012-03-30,0.0
600,600900.XSHG,14.9942,1.5765,107580000000.0,3.9727,9.555,196052314533.0,0.3835,15839292168.1,9653406377.63,2012-03-30,0.0
601,600999.XSHG,67.1596,2.1992,52903483059.0,2.2818,7.6612,93862728401.3,0.3984,4245004306.6,1881393282.42,2012-03-30,0.0
602,601006.XSHG,8.5287,1.7628,110757596608.0,9.4583,15.7744,138058233974.0,0.62,33270504198.0,22597383300.0,2012-03-30,0.0
603,601009.XSHG,6.3463,1.2076,26096922775.0,0.9729,11.9318,265784636283.0,0.79,5269932544.25,2426120717.23,2012-03-30,0.0
604,601018.XSHG,11.5032,1.2572,31488000000.0,5.6282,7.9737,43998858000.0,0.15,5144634000.0,3449556000.0,2012-03-30,0.0
605,601099.XSHG,92.8682,4.8107,10177431373.0,2.1634,6.0429,14750807245.2,0.081,550442270.88,373939873.74,2012-03-30,0.0
606,601117.XSHG,9.399,1.8952,28858050000.0,3.7964,9.998,59940141953.6,0.28,28584012574.3,26807593037.6,2012-03-30,0.0
607,601118.XSHG,27.7892,2.9011,26378161436.0,5.7621,8.2074,36685164084.1,0.1807,7360835424.88,6527634483.62,2012-03-30,0.0
608,601166.XSHG,4.4222,1.2496,143674996305.0,1.2022,24.6183,2416614867400.0,2.36,59870000000.0,26338000000.0,2012-03-30,0.0
609,601169.XSHG,6.4934,1.429,72014638889.0,0.9743,17.1367,870782553162.0,1.25,15008708000.0,5019552000.0,2012-03-30,0.0
610,601216.XSHG,15.2374,2.0457,10240000000.0,8.2737,14.9585,14498890326.7,0.7833,2841228959.01,2315399962.94,2012-03-30,0.0
611,601377.XSHG,252.5183,2.5838,21076000000.0,1.9521,4.8766,40650559463.1,0.1862,1792924631.15,1124455503.18,2012-03-30,0.0
612,601555.XSHG,-126.8113,1.9403,14300000000.0,1.2856,5.3312,10615087404.2,0.15,921942200.48,627181924.52,2012-03-30,0.0
613,601668.XSHG,5.1307,1.0269,91500000000.0,3.1068,11.8265,455458892000.0,0.32,347139842000.0,330053219000.0,2012-03-30,0.0
614,601669.XSHG,9.1627,1.4543,39648000000.0,2.07,13.783,127684649912.0,0.39,77604834367.0,74273976691.7,2012-03-30,0.0
615,601688.XSHG,341.8926,1.6404,49168000000.0,1.3766,4.0387,104428527604.0,0.24,4341811673.32,2543546407.58,2012-03-30,0.0
616,601718.XSHG,18.1292,1.4211,13229510000.0,3.7272,6.0091,20272885892.0,0.14,18430800881.6,17815103873.4,2012-03-30,0.0
617,601788.XSHG,46.0278,1.9393,40913460000.0,3.1007,6.9898,55303239991.4,0.4519,4498480695.74,2510682720.79,2012-03-30,0.0
618,601800.XSHG,6.5448,1.2648,90093276317.0,3.5173,17.1577,130488660689.0,0.78,295376268143.0,283335777598.0,2012-03-30,0.0
619,601818.XSHG,4.9362,1.2022,115239151500.0,0.8972,16.4154,1690341240500.0,0.35,33864644000.0,14974219000.0,2012-03-30,0.0
620,601872.XSHG,-43.6895,1.3541,12703571413.0,1.2247,2.0814,18475058761.7,0.0583,2065380265.53,1918890905.01,2012-03-30,0.0
621,601877.XSHG,15.3229,3.3634,15477000000.0,12.5138,18.5556,16362355394.8,0.89,9718671368.0,8523801324.65,2012-03-30,0.0
622,601888.XSHG,23.4087,4.8024,22475200000.0,9.5381,12.8348,24181789608.5,0.6327,9024918199.77,8240386993.88,2012-03-30,0.0
623,601901.XSHG,-34.7247,1.8128,25498000000.0,0.7845,1.9149,51264469990.4,0.05,1299054439.72,1013845956.23,2012-03-30,0.0
624,601933.XSHG,36.5194,5.6415,22952531000.0,5.2015,9.3306,23163714670.7,0.48,12474297901.6,12006047152.4,2012-03-30,0.0
625,601958.XSHG,64.5697,3.0554,41106940056.0,5.0506,5.4801,37915645068.4,0.23,7333285943.68,6466593854.16,2012-03-30,0.0
626,601989.XSHG,16.1653,2.0929,82285833443.0,2.8561,11.4416,215506539959.0,0.47,47103852071.9,42626100596.9,2012-03-30,0.0
627,000001.XSHE,7.5046,1.1323,84842682889.0,0.2662,4.5681,1362400654040.0,0.67,9724000000.0,5259000000.0,2012-04-30,0.0
628,000002.XSHE,10.0591,1.8164,98736987758.0,0.5046,2.6013,328969431824.0,0.13,10345911610.9,8423986177.68,2012-04-30,0.0
629,000008.XSHE,18.8034,8.7188,643729038.0,-0.0087,-0.0098,693937105.83,-0.0004,76256120.94,68221065.09,2012-04-30,0.0
630,000060.XSHE,20.9428,3.5935,19494791316.0,0.8728,1.6858,24875765955.4,0.044000000000000004,3464581124.76,3241866389.91,2012-04-30,0.0
631,000069.XSHE,13.2376,2.5599,42454364709.0,0.4298,1.7706,84827703745.0,0.052000000000000005,2540542221.37,2191745944.51,2012-04-30,0.0
632,000100.XSHE,21.4832,1.5628,17800059551.0,0.0986,0.3386,69024498541.4,0.0045,14548964316.0,14572267212.0,2012-04-30,0.0
633,000402.XSHE,9.2034,1.073,20372247115.0,1.4142,4.6988,59676837142.3,0.29,2143808844.1,1752024563.45,2012-04-30,0.0
634,000413.XSHE,136.9343,20.4045,5132200000.0,10.1986,7.8694,4385183408.94,0.0497,207764428.94,141028364.08,2012-04-30,0.0
635,000415.XSHE,22.2202,1.5585,11101081763.0,0.2444,0.6321,19013497778.4,0.052000000000000005,539120182.88,415134067.52,2012-04-30,0.0
636,000423.XSHE,27.5753,6.7577,25382575851.0,7.6487,9.2807,26961281573.5,0.5094,713833075.46,341251362.78,2012-04-30,0.0
637,000425.XSHE,10.1577,1.9832,31498317012.0,2.033,4.7752,49378157844.2,0.36,7988280362.53,7131769256.14,2012-04-30,0.0
638,000503.XSHE,303.9581,4.6587,5797403216.0,0.0925,0.2633,5334106641.2,0.0036,32406083.18,47617942.9,2012-04-30,0.0
639,000538.XSHE,27.4443,5.9904,35018801201.0,3.077,5.0962,37990767461.5,0.42,2831893129.81,2494786921.45,2012-04-30,0.0
640,000540.XSHE,19.3665,4.7742,10972209465.0,0.7816,6.4492,26528814004.7,0.1123,729185392.46,647302735.52,2012-04-30,0.0
641,000559.XSHE,21.8769,2.4553,9718907801.0,1.1062,2.3051,13625359489.8,0.057999999999999996,1898862764.33,1782606701.11,2012-04-30,0.0
642,000568.XSHE,18.4631,7.1897,60970092285.0,10.5949,16.5287,58250244042.8,0.9279999999999999,3191989318.54,1408391052.71,2012-04-30,0.0
643,000623.XSHE,9.1074,1.923,17806205116.0,1.7929,2.0056,16213310550.2,0.27,314664239.12,267488371.07,2012-04-30,0.0
644,000625.XSHE,57.8111,1.5721,22661626485.0,0.3527,1.0043,41142232577.7,0.03,7544180418.0,7745001410.01,2012-04-30,0.0
645,000627.XSHE,-30.5883,3.2364,4399167065.0,-2.0018,-2.8534,4533873670.03,-0.028999999999999998,253420602.65,268177323.73,2012-04-30,0.0
646,000630.XSHE,21.3363,2.9810000000000003,30621408469.0,0.7848,2.8019,53351835201.3,0.2,16758406103.4,16429277208.3,2012-04-30,0.0
647,000651.XSHE,12.024000000000001,2.9897,65842174460.0,1.4019,5.922999999999999,122648966753.0,0.3902,20088107125.9,18740435287.4,2012-04-30,0.0
648,000671.XSHE,15.6815,2.5789,4802609683.0,0.0328,0.5131,13821982244.5,0.02,481104534.88,467333190.89,2012-04-30,0.0
649,000686.XSHE,-53.8251,3.6027,11175181591.0,0.3811,1.577,19553487689.1,0.0767,262302769.45,205234420.21,2012-04-30,0.0
650,000709.XSHE,27.2995,0.7514,32386752469.0,0.2491,0.8379,131079553674.0,0.034,29144221367.7,28695308140.5,2012-04-30,0.0
651,000723.XSHE,485.2186,4.5368,2098175901.0,-1.1769,-2.0683,2531926324.53,-0.07,254488063.73,264512428.58,2012-04-30,0.0
652,000725.XSHE,33.0245,0.9761,24473991637.0,-1.0529,-1.9525,54056359071.8,-0.037000000000000005,4147641280.0,4914498673.0,2012-04-30,0.0
653,000728.XSHE,46.0963,1.4365,21389049000.0,0.6843,1.0435,27498277833.5,0.08,430691730.56,241276959.93,2012-04-30,0.0
654,000738.XSHE,53.8681,3.9994,9994087962.0,0.4638,0.8675,11315586387.2,0.02,436894722.22,413178024.54,2012-04-30,0.0
655,000750.XSHE,290.4774,6.7488,17668642505.0,0.6369,2.3975,21039695598.5,0.09,351450909.28,253861657.53,2012-04-30,0.0
656,000768.XSHE,50.3035,2.2364,21059756740.0,-0.016,0.08800000000000001,30066613942.8,0.0037,2392741195.3,2471175243.17,2012-04-30,0.0
657,000776.XSHE,43.3952,2.7909,88937354247.0,0.8188,2.029,130503179566.0,0.22,1790082283.46,956064499.45,2012-04-30,0.0
658,000783.XSHE,80.7127,1.9409,22668995501.0,0.6072,1.5434,38772737550.1,0.08,582228760.97,346943430.46,2012-04-30,0.0
659,000792.XSHE,24.0777,3.7659,53472919405.0,1.7903,3.5337,66137778659.5,0.3097,1545124637.18,909196276.08,2012-04-30,0.0
660,000826.XSHE,29.8449,5.6664,9559722255.0,1.7622,4.1134,11041480553.5,0.162,327418692.14,249903932.08,2012-04-30,0.0
661,000839.XSHE,77.9081,2.0466,11978989333.0,0.4067,0.7715,17670912769.0,0.0287,375544419.07,419290287.02,2012-04-30,0.0
662,000858.XSHE,18.974,5.1737,135212334566.0,8.359,12.3853,133600655755.0,0.804,8230651472.62,4041835235.48,2012-04-30,0.0
663,000876.XSHE,10.6383,2.8141,28549911692.0,3.2648,5.636,37881687825.1,0.32,17265953728.4,16914160872.4,2012-04-30,0.0
664,000895.XSHE,31.2597,10.1583,39316949112.0,1.8475,2.9072,43812437752.0,0.3114,9168300010.71,8498975099.36,2012-04-30,0.0
665,000938.XSHE,55.974,3.3976,2740864000.0,0.615,1.4655,3628361589.11,0.057,1193735186.54,1181592358.65,2012-04-30,0.0
666,000959.XSHE,-48.4572,1.1122,8276607699.0,-1.2406,-2.0055,16735451669.6,-0.0508,2921555123.68,3134268299.29,2012-04-30,0.0
667,000961.XSHE,15.5737,2.4469,13640362160.0,0.4103,2.5597,39181375073.0,0.12,1859377321.07,1657721653.57,2012-04-30,0.0
668,000963.XSHE,26.7307,6.68,11025123771.0,2.4936,7.6511,15596587280.3,0.2802,3516113015.35,3320590041.14,2012-04-30,0.0
669,000983.XSHE,19.5649,3.6004,55177512000.0,2.7987,6.9486,67051604657.7,0.3227,8062315775.3,6560129572.5,2012-04-30,0.0
670,002007.XSHE,36.0001,5.295,13223900160.0,5.3435,5.3606,13366875859.7,0.2263,274065826.4,101893074.96,2012-04-30,0.0
671,002008.XSHE,13.5442,2.5686,7655427078.0,0.9845,1.9073,10083073849.0,0.0528,695363271.22,649905320.68,2012-04-30,0.0
672,002024.XSHE,14.854000000000001,2.9689,69052611117.0,1.5613,4.1724,100641404694.0,0.14,22641020000.0,21434154000.0,2012-04-30,0.0
673,002027.XSHE,-21.1115,2.2949,1366554724.0,-1.0443,-1.483,1480428415.51,-0.0294,250510817.47,259600881.06,2012-04-30,0.0
674,002044.XSHE,36.1832,5.6053,2152800000.0,0.8191,1.4069,2226046108.77,0.024,129105048.27,121756199.13,2012-04-30,0.0
675,002065.XSHE,24.6012,4.638,10880252000.0,2.755,3.9581,11918240617.5,0.172,574021056.45,509495149.04,2012-04-30,0.0
676,002074.XSHE,43.3482,3.8564,1705166640.0,1.4371,2.6485,2041095553.88,0.05,101610507.91,90931567.53,2012-04-30,0.0
677,002081.XSHE,26.1039,6.4383,21325866108.0,2.714,6.2371,23770489229.5,0.3866,2370403455.25,2129798446.77,2012-04-30,0.0
678,002142.XSHE,8.7872,1.5468,30510821197.0,0.39299999999999996,5.377999999999999,271041489251.0,0.36,2402595000.0,1099491000.0,2012-04-30,0.0
679,002146.XSHE,12.8614,3.2014,20407296000.0,0.7752,3.5754,39969396456.8,0.12,1813826111.29,1514856411.41,2012-04-30,0.0
680,002153.XSHE,33.2026,7.907,8964480000.0,3.1709,3.5843,8669450876.3,0.13,142364325.06,109214196.76,2012-04-30,0.0
681,002174.XSHE,597.1002,4.8263,1091489360.0,-0.6211,-1.2551,1437898893.48,-0.034,54331932.94,57443837.09,2012-04-30,0.0
682,002230.XSHE,64.0022,7.2845,8830266103.0,1.3195,1.6628,9300796154.83,0.08,130067692.66,110728228.52,2012-04-30,0.0
683,002236.XSHE,34.2724,8.8332,13906576332.0,2.9129,4.3483,14067682047.0,0.24,498029565.17,443347074.46,2012-04-30,0.0
684,002241.XSHE,37.9214,4.8957,22133236731.0,1.7628,3.4728,22890086830.1,0.15,979952086.76,839878314.62,2012-04-30,0.0
685,002252.XSHE,33.9899,7.2391,6775520000.0,2.1294,2.3035,6998424982.57,0.078,71543015.96,48150081.75,2012-04-30,0.0
686,002292.XSHE,69.9509,6.3437,8962048000.0,2.1215,2.3791,9404605437.13,0.08,267810140.57,228023252.72,2012-04-30,0.0
687,002294.XSHE,24.646,4.6447,10489216000.0,4.9884,5.7403,10290819245.7,0.35,414950938.75,268881214.84,2012-04-30,0.0
688,002304.XSHE,29.6591,12.4039,150120000000.0,11.2245,20.1158,138888544032.0,2.46,5961705523.68,3032872053.3,2012-04-30,0.0
689,002310.XSHE,32.1166,7.3936,13742809533.0,-0.782,-1.6309,15253089344.9,-0.2,251920926.31,276868648.65,2012-04-30,0.0
690,002352.XSHE,36.6718,2.1856,1597087606.0,1.2182,1.6780000000000002,1810110276.68,0.16,181164418.37,170834262.05,2012-04-30,0.0
691,002385.XSHE,25.2217,3.8764,14212368000.0,4.1034,5.0057,14816889232.1,0.45,2102886613.18,1883406244.28,2012-04-30,0.0
692,002411.XSHE,41.4752,3.3247,2637792000.0,1.8145,2.496,2723191041.85,0.08,248326413.49,226432967.52,2012-04-30,0.0
693,002415.XSHE,29.462,6.452999999999999,46190000000.0,4.2396,4.9761,43265127029.0,0.35,1292678630.79,936229586.55,2012-04-30,0.0
694,002424.XSHE,31.1135,3.4077,6722016000.0,1.9749,2.9872,7622925474.61,0.12,293591819.29,220411047.28,2012-04-30,0.0
695,002426.XSHE,51.317,2.2243,2955025800.0,1.0742,1.4803,3371324193.94,0.0485,376287714.53,351709125.1,2012-04-30,0.0
696,002450.XSHE,52.6677,7.8818,8392857600.0,2.2171,4.2567,8934809246.08,0.0861,407522741.93,345793834.15,2012-04-30,0.0
697,002456.XSHE,122.1467,4.3616,4333440000.0,0.8529,2.097,5733836604.51,0.11,363020414.35,339905413.88,2012-04-30,0.0
698,002460.XSHE,61.6209,4.9232,3649500000.0,1.9973,2.3468,3503091110.42,0.115,144125080.29,124929555.69,2012-04-30,0.0
699,002465.XSHE,36.5705,1.9996,8578667958.0,0.2542,0.3474,8382965375.25,0.04,212327536.44,206187488.56,2012-04-30,0.0
700,002466.XSHE,118.5846,4.7238,4687830000.0,0.7308,0.8244,4333963821.27,0.06,82702389.92,74496802.15,2012-04-30,0.0
701,002468.XSHE,210.1601,2.4157,1836288000.0,0.0584,0.1392,2333032620.84,0.0046,247213484.53,245821950.59,2012-04-30,0.0
702,002470.XSHE,21.7329,3.3603,10584000000.0,2.9529,5.4186,12073446505.5,0.24,2214524463.41,2015681524.97,2012-04-30,0.0
703,002475.XSHE,29.9717,4.1528,7886175000.0,1.402,1.7654,8930860101.36,0.13,592599447.08,539293199.6,2012-04-30,0.0
704,002500.XSHE,93.7076,3.2835,19870344000.0,0.4168,0.8942,22061679213.0,0.02,251344613.0,180104697.0,2012-04-30,0.0
705,002508.XSHE,21.656999999999996,2.7588,4282880000.0,2.1714,2.7689999999999997,4763738915.28,0.17,354508426.15,310623014.84,2012-04-30,0.0
706,002555.XSHE,48.849,1.8397,1413700000.0,0.3859,0.4202,1444090552.24,0.024,82715424.03,78883280.61,2012-04-30,0.0
707,002558.XSHE,29.71,2.3426,1358980000.0,-1.6469,-1.6938,1415646518.43,-0.17,40902349.66,51859838.68,2012-04-30,0.0
708,002572.XSHE,28.9043,2.7967,3852000000.0,0.9173,1.0094,4158755255.63,0.13,140682942.92,123956491.97,2012-04-30,0.0
709,002601.XSHE,21.1828,3.6368,7698600000.0,3.5956,4.8416,8991137672.75,1.06,669412182.1,551912237.84,2012-04-30,0.0
710,002602.XSHE,19.7997,1.6309,2563750000.0,1.6765,1.8521,2622316593.34,0.1648,228839761.06,194685061.22,2012-04-30,0.0
711,002608.XSHE,15.2915,1.425,2829750000.0,0.132,0.3703,6818935102.12,0.05,565234185.78,559538599.53,2012-04-30,0.0
712,002624.XSHE,32.3165,3.48,1730000000.0,1.6138,2.2188,1542314026.58,0.11,80621753.63,72775394.49,2012-04-30,0.0
713,300003.XSHE,24.656,4.9988,11757760000.0,5.7318,6.204,10774446951.8,0.1793,289918261.67,123649664.87,2012-04-30,0.0
714,300015.XSHE,47.2468,6.0969,8650800000.0,2.7445,3.4158,8831395531.19,0.11,354554855.84,288058012.37,2012-04-30,0.0
715,300017.XSHE,37.1779,2.9671,2359478576.0,1.7344,1.8429,2475536562.35,0.09,163494229.08,147468884.6,2012-04-30,0.0
716,300024.XSHE,33.2132,4.5671,5542429200.0,1.7106,2.2038,5427647562.76,0.09,230418005.78,197028550.56,2012-04-30,0.0
717,300027.XSHE,43.3919,4.9306,8461152000.0,0.9916,1.6893,9534879793.22,0.05,235875166.41,204571828.68,2012-04-30,0.0
718,300033.XSHE,44.7852,2.0922,2362752000.0,0.9061,1.0008,2257611390.12,0.08,50917741.85,40270708.33,2012-04-30,0.0
719,300059.XSHE,45.2202,2.8829,4972800000.0,1.3206,1.4101,4273739899.61,0.07,67819977.95,46158073.31,2012-04-30,0.0
720,300070.XSHE,38.2,4.052,13291740000.0,0.3218,0.297,13277430331.9,0.03,167737370.16,145714288.13,2012-04-30,0.0
721,300072.XSHE,36.4398,3.1237,3579536000.0,0.2171,0.3688,4316985020.27,0.022000000000000002,179467591.78,172145159.2,2012-04-30,0.0
722,300122.XSHE,45.0248,3.9669,9100000000.0,1.4628,1.5792,8818845292.01,0.09,138570988.44,98059519.84,2012-04-30,0.0
723,300124.XSHE,29.0475,3.7169,9527760000.0,2.1729,2.3480000000000003,10214400925.8,0.28,213819647.39,165364417.05,2012-04-30,0.0
724,300136.XSHE,35.4126,3.603,2461456400.0,1.1802,1.2451,2448544890.89,0.0634,28700242.35,19390460.39,2012-04-30,0.0
725,300144.XSHE,33.8444,2.9160000000000004,8005536000.0,1.339,1.501,8168247213.63,0.11,70873420.76,43040180.91,2012-04-30,0.0
726,300251.XSHE,32.8122,3.2936,5955664000.0,1.0464,1.0963,6545244504.65,0.18,108637390.05,90958959.2,2012-04-30,0.0
727,600000.XSHG,6.0275,1.1185,175529166015.0,1.122,20.0715,2680143448310.0,1.463,67918000000.0,32161000000.0,2012-04-30,0.0
728,600008.XSHG,23.901999999999997,2.1876,11924000000.0,3.766,9.9394,21792571664.0,0.2377,3538376656.61,2904438565.36,2012-04-30,0.0
729,600009.XSHG,16.5492,1.5878,24973381486.0,2.0705,2.3665,27825488226.7,0.19,1101307848.65,760376430.4,2012-04-30,0.0
730,600010.XSHG,95.2527,3.002,38734571264.0,0.0206,0.0835,79776896360.3,0.0017,9165617342.09,8919140440.55,2012-04-30,0.0
731,600015.XSHG,7.7832,1.1581,76785425949.0,0.8073,18.5558,1250142631230.0,1.48,33543795435.3,21020284475.1,2012-04-30,0.0
732,600018.XSHG,14.8737,1.4067,65079813799.0,7.7675,11.707,88583421403.7,0.2131,21778857219.1,15029003415.5,2012-04-30,0.0
733,600019.XSHG,15.882,0.8126,87560240440.0,3.4599,6.9708,201662617345.0,0.42,222856551230.0,214640818873.0,2012-04-30,0.0
734,600021.XSHG,21.5788,1.7221,10720093678.0,0.7751,2.8484,32325290666.6,0.0806,4042144531.97,3958971520.26,2012-04-30,0.0
735,600031.XSHG,12.2067,4.7758,107299067716.0,22.6237,55.7759,124322481393.0,1.14,50776301000.0,41001672000.0,2012-04-30,0.0
736,600038.XSHG,52.2063,3.8962,5913745500.0,0.3834,0.8241,7812458142.48,0.0369,262974959.08,245346755.47,2012-04-30,0.0
737,600048.XSHG,11.6894,2.0789,74413591524.0,0.336,1.5103,233097814953.0,0.09,4919743750.55,3929666459.69,2012-04-30,0.0
738,600050.XSHG,54.0306,1.2879,91781262390.0,0.2176,0.4707,328606829149.0,0.0158,62984181231.0,61725116598.0,2012-04-30,0.0
739,600061.XSHG,-226.78900000000002,4.5981,2621696763.0,-1.0279,-2.5613,3528098596.67,-0.03,582738764.15,596540538.68,2012-04-30,0.0
740,600066.XSHG,13.918,2.9877,17245711104.0,2.5526,5.3014,21325967847.2,0.36,3969350239.14,3707524481.45,2012-04-30,0.0
741,600068.XSHG,16.9976,2.2618,26434939046.0,2.9949,14.5196,77784235274.6,0.445,46539896164.9,44505331211.1,2012-04-30,0.0
742,600074.XSHG,-45.5503,6.8065,2301117984.0,0.5103,3.2917,4334442629.27,0.019,1963123263.22,2025698549.32,2012-04-30,0.0
743,600085.XSHG,39.2809,5.0975,18502353526.0,3.1154,4.2821,20680431306.5,0.11699999999999999,2296556030.78,2016539174.47,2012-04-30,0.0
744,600089.XSHG,18.6209,1.6078,21189901114.0,0.8370000000000001,2.195,40531638749.7,0.1084,4238507870.55,4010992055.68,2012-04-30,0.0
745,600100.XSHG,27.4671,2.2067,18962668570.0,3.1562,8.5631,37685357232.2,0.3559,20962049866.6,20827739253.4,2012-04-30,0.0
746,600104.XSHG,8.2371,1.5590000000000002,169573214754.0,11.5922,21.3675,326217540077.0,1.834,434803949081.0,406246596344.0,2012-04-30,0.0
747,600109.XSHG,92.3602,4.1323,13683312256.0,0.7593,2.1984,17597025781.8,0.07200000000000001,337107295.73,238574384.7,2012-04-30,0.0
748,600111.XSHG,20.456,12.5623,85946231340.0,9.3976,19.3497,88271681526.4,0.997,3570219450.38,1612091166.01,2012-04-30,0.0
749,600118.XSHG,54.5583,6.2963,12931093473.0,0.8497,1.8134,14547426192.2,0.05,670142734.29,622279584.86,2012-04-30,0.0
750,600153.XSHG,8.4621,2.1165,17879628421.0,5.9624,31.8592,55346620739.3,1.01,80254135993.1,77298620574.6,2012-04-30,0.0
751,600157.XSHG,45.0195,2.1906,17163003036.0,0.8003,2.6635,27294861313.9,0.2112,970204019.74,720243027.83,2012-04-30,0.0
752,600170.XSHG,11.138,1.514,16212188048.0,2.421,13.8168,65610963062.9,0.59,83005730321.7,81734383907.4,2012-04-30,0.0
753,600177.XSHG,13.8995,1.7617,22644640938.0,0.599,2.055,57676369219.8,0.115,2054471429.54,1879530964.57,2012-04-30,0.0
754,600196.XSHG,14.3704,1.7966,17939376069.0,7.0793,12.8125,25343722460.8,0.61,6485540800.81,6565480819.12,2012-04-30,0.0
755,600208.XSHG,21.7818,2.9148,29128256760.0,4.5674,15.413,44906318838.5,0.23,6688298540.05,6027826776.01,2012-04-30,0.0
756,600219.XSHG,14.9935,0.9486,14873648067.0,6.3157,6.7724,15921578561.1,0.53,13328076902.6,11951377507.0,2012-04-30,0.0
757,600221.XSHG,7.8482,1.4008,19884866114.0,3.7085,19.533,83112522644.4,0.64,26273246000.0,24148810000.0,2012-04-30,0.0
758,600233.XSHG,15.083,1.8778,1783650000.0,1.7132,1.6469999999999998,1735184973.44,0.094,206917214.04,172420297.49,2012-04-30,0.0
759,600271.XSHG,18.2371,3.7075,18634212000.0,4.3123,4.8588,18513271273.5,0.26,2915919080.7,2550838337.42,2012-04-30,0.0
760,600276.XSHG,32.8052,6.6914,30318318650.0,6.2829999999999995,6.8975,29961133469.7,0.2686,1339998690.81,966945012.92,2012-04-30,0.0
761,600297.XSHG,1133.0851,2.7413,2289000000.0,0.3904,0.6756,2865621242.3,0.0155,919976678.92,927385937.92,2012-04-30,0.0
762,600309.XSHG,16.2203,3.8148,29450998886.0,3.1341,5.8959,37559499515.5,0.2,3281137342.63,2622401638.28,2012-04-30,0.0
763,600340.XSHG,9.3263,5.1305,13628600797.0,0.0139,0.5588,38310513150.0,0.03,778096872.97,770989818.52,2012-04-30,0.0
764,600352.XSHG,15.8119,1.3887,9838386731.0,4.7907,10.7142,20180688902.5,0.4692,6188537909.9,5677642752.82,2012-04-30,0.0
765,600369.XSHG,183.12400000000002,2.2832,22993290164.0,0.9069,1.6069,27184750682.6,0.07,353087496.91,142827131.24,2012-04-30,0.0
766,600372.XSHG,53.736000000000004,6.2732,22455389589.0,1.2968,2.4922,22940717689.7,0.1071,871137897.04,769998615.21,2012-04-30,0.0
767,600373.XSHG,18.871,2.3593,9393577498.0,7.6199,13.3854,12774505957.7,0.8515,6981359397.4,6720292836.28,2012-04-30,0.0
768,600376.XSHG,10.7488,1.5674,18773118000.0,-0.0223,-0.045,65300748642.8,-0.0036,708776144.79,775209405.24,2012-04-30,0.0
769,600383.XSHG,9.6218,1.3904,28975375547.0,0.2127,0.7542,92493826149.4,0.03,1743229276.88,1485877638.51,2012-04-30,0.0
770,600390.XSHG,-28.0376,4.1188,2264707500.0,0.7631,1.9701,2789440645.03,0.067,196027470.48,195986125.22,2012-04-30,0.0
771,600406.XSHG,36.3563,10.5038,31510765740.0,1.1155,2.3155,36416553167.2,0.07,772541621.7,727931330.93,2012-04-30,0.0
772,600415.XSHG,34.333,2.7818,22317178122.0,1.1698,2.6766,29642086636.4,0.08,755214353.52,486293040.8,2012-04-30,0.0
773,600436.XSHG,34.7053,7.8114,9679600000.0,5.0915,7.4887,10256644692.2,0.64,264011555.68,156957357.45,2012-04-30,0.0
774,600482.XSHG,62.895,3.8254,4591560000.0,0.5898,1.5879,5941132982.5,0.04,1166144978.95,1144013580.12,2012-04-30,0.0
775,600485.XSHG,487.5834,2.7561,1312409420.0,3.0975,4.4996,1659759013.05,0.155,257430184.74,271935332.23,2012-04-30,0.0
776,600489.XSHG,23.4787,5.1328,45286480415.0,2.8198,4.6944,47042907876.8,0.21,6438710318.35,5730826275.79,2012-04-30,0.0
777,600498.XSHG,25.1561,2.99,11889995040.0,0.9118,2.3115,17217620696.2,0.21,1429432052.89,1425590552.38,2012-04-30,0.0
778,600518.XSHG,22.8649,2.7723,26758355258.0,2.5774,4.2814,34397359665.4,0.184,2551434522.45,2087876882.49,2012-04-30,0.0
779,600519.XSHG,23.6723,8.338,233133700800.0,8.7773,11.2148,211355473106.0,2.86,6015967741.62,1843049067.42,2012-04-30,0.0
780,600522.XSHG,20.3685,1.6724,7240737848.0,1.1703,1.7577,9220061057.76,0.195,1234640715.37,1144572787.57,2012-04-30,0.0
781,600535.XSHG,32.504,5.1844,19448427175.0,2.1696,4.0151,20927178640.8,0.2859,2128841318.42,1966361342.09,2012-04-30,0.0
782,600547.XSHG,24.079,7.9549,49992533693.0,4.8732,10.3158,51728592692.9,0.43,12899659038.7,12109277230.5,2012-04-30,0.0
783,600549.XSHG,27.9402,8.0675,28684078800.0,1.3185,3.0968,34412566463.1,0.1588,1845683662.4,1629995758.71,2012-04-30,0.0
784,600570.XSHG,34.0234,6.7692,8364492864.0,1.9521,2.6336,7851355946.51,0.05,142264798.16,135482139.71,2012-04-30,0.0
785,600583.XSHG,52.9537,2.4447,23258851200.0,0.2721,0.5169,29685386909.9,0.01,1303247330.09,1238728448.04,2012-04-30,0.0
786,600588.XSHG,29.0529,5.2895,15469527832.0,-0.7806,-1.4185,16737280753.3,-0.051,485376677.0,619561543.0,2012-04-30,0.0
787,600606.XSHG,26.9727,2.4702,5232564708.0,0.2881,0.7433,5517202698.02,0.032,115805121.9,112619224.86,2012-04-30,0.0
788,600637.XSHG,43.312,6.0935,16461019189.0,3.4846,4.2493,16493778638.0,0.1,346258899.74,230902547.84,2012-04-30,0.0
789,600649.XSHG,10.7154,1.3219,17511484007.0,3.6814,7.882999999999999,27325120304.7,0.44,619725068.28,577880452.18,2012-04-30,0.0
790,600660.XSHG,11.6203,2.577,16965294232.0,2.8843,5.4936,21454762596.3,0.18,2257348904.0,1832836478.0,2012-04-30,0.0
791,600663.XSHG,22.6448,2.244,24653428800.0,0.6085,1.3967,32868480191.4,0.0817,552342611.8,360453596.16,2012-04-30,0.0
792,600674.XSHG,46.1985,1.6141,13129142385.0,0.2169,0.1683,19141923365.6,0.0122,301381443.7,208269997.95,2012-04-30,0.0
793,600682.XSHG,20.5866,2.634,3421972092.0,3.6007,9.965,5092026175.57,0.34,768060956.59,723957344.88,2012-04-30,0.0
794,600690.XSHG,11.0015,3.3457,29966023346.0,2.1554,7.1778,53503357857.4,0.231,18688577124.1,17847172945.7,2012-04-30,0.0
795,600703.XSHG,17.062,3.0415,16519517597.0,2.0803,3.5509,20244483103.0,0.14,510363394.92,391521797.54,2012-04-30,0.0
796,600704.XSHG,17.0988,2.209,7839281033.0,1.0948,5.2072,25681020001.5,0.2727,9153023903.26,8791542822.28,2012-04-30,0.0
797,600739.XSHG,10.3514,2.3501,23309243657.0,2.0211,2.4765,26270310250.8,0.18,2422708225.08,2231474376.26,2012-04-30,0.0
798,600741.XSHG,8.8777,1.5334,26761953813.0,3.3338,4.7342,43624947114.0,0.312,14085715564.3,12893815095.9,2012-04-30,0.0
799,600795.XSHG,11.5714,1.4353,39718601727.0,2.678,13.802999999999999,185347229643.0,0.237,50911436829.6,49115312274.9,2012-04-30,0.0
800,600804.XSHG,56.6198,2.6133,9396357589.0,0.8694,1.7254,12357460826.0,0.05,565191869.71,521793468.8,2012-04-30,0.0
801,600816.XSHG,39.1056,15.5288,8537263826.0,5.6912,9.9392,6983452998.03,0.1204,83134989.17,22323302.48,2012-04-30,0.0
802,600820.XSHG,5.6715,1.3130000000000002,6403641359.0,2.4199,11.1573,23068548869.7,0.8688,19691366450.1,19786696070.0,2012-04-30,0.0
803,600827.XSHG,16.8255,1.7913,20962773302.0,5.3398,13.5861,40842334683.8,0.85,47015157586.6,45180807424.6,2012-04-30,0.0
804,600837.XSHG,31.5242,2.0326,93531917470.0,3.0631,6.9334,111613357407.0,0.38,9292729959.25,5125055308.55,2012-04-30,0.0
805,600886.XSHG,53.5966,1.2186,13906459313.0,-0.0622,-0.5603,115402032417.0,-0.0279,5763218031.3,5777896338.51,2012-04-30,0.0
806,600887.XSHG,16.9725,5.4769,35218160365.0,2.1498,6.5963,46688132249.9,0.26,10257911192.5,9796665340.78,2012-04-30,0.0
807,600893.XSHG,62.2541,4.1193,16648679046.0,0.5219,1.1546,19752194049.5,0.04,1158524709.32,1104269298.21,2012-04-30,0.0
808,600895.XSHG,27.5222,2.1085,13303243235.0,2.6733,7.3731,21404313825.7,0.3,1795519891.35,1401367235.36,2012-04-30,0.0
809,600900.XSHG,14.3213,1.5489,106920000000.0,0.2635,0.6029,192759038994.0,0.0251,3378420338.23,3355985197.84,2012-04-30,0.0
810,600999.XSHG,34.221,2.4407,59941743801.0,0.7475,2.1517,100557773254.0,0.1153,1250986560.19,582935562.64,2012-04-30,0.0
811,601006.XSHG,9.4929,1.6764,111054932438.0,3.6061,5.2949,137599902247.0,0.23,11190000000.0,7210240627.0,2012-04-30,0.0
812,601009.XSHG,8.0051,1.2255,27700146700.0,0.9729,11.9318,265784636283.0,0.79,5269932544.25,2426120717.23,2012-04-30,0.0
813,601012.XSHG,31.2344,1.8127,5427125200.0,10.7843,21.4494,1838903669.92,0.73,2017989180.45,1740417163.01,2012-04-30,0.0
814,601018.XSHG,12.2793,1.2959,33664000000.0,2.3744,3.1272,38654335000.0,0.06,1735781000.0,1180573000.0,2012-04-30,0.0
815,601099.XSHG,149.2814,5.6482,12041539925.0,0.3172,0.77,13315362572.8,0.011000000000000001,117588402.39,95597271.09,2012-04-30,0.0
816,601117.XSHG,13.4656,2.1242,33248420000.0,0.9144,2.707,59164148213.5,0.08,9731599427.76,9226101636.95,2012-04-30,0.0
817,601118.XSHG,45.1967,3.3119,30427268184.0,5.7621,8.2074,36685164084.1,0.1807,7360835424.88,6527634483.62,2012-04-30,0.0
818,601166.XSHG,5.4022,1.2501,154353543328.0,0.3304,6.9308,2635764996300.0,0.77,19232000000.0,8272000000.0,2012-04-30,0.0
819,601169.XSHG,7.7989,1.1665,76414718658.0,0.3445,5.8187,1005911409890.0,0.46,6302155000.0,2008676000.0,2012-04-30,0.0
820,601216.XSHG,21.2905,2.1623,10982400000.0,0.9826,1.4061,12462039623.6,0.1108,827855109.41,717824914.59,2012-04-30,0.0
821,601377.XSHG,67.7532,3.2021,26554000000.0,2.0813,5.1757,32929157484.8,0.2,2315086741.48,1619931497.19,2012-04-30,0.0
822,601555.XSHG,102.8485,2.6398,19600000000.0,0.38799999999999996,0.8239,23704200365.4,0.03,320529947.63,235991221.73,2012-04-30,0.0
823,601668.XSHG,7.2427,1.1059999999999999,101400000000.0,0.7253,2.8237,467040037000.0,0.09,105476298000.0,101416804000.0,2012-04-30,0.0
824,601669.XSHG,11.9895,1.5699,43968000000.0,2.7687,19.0243,167559863319.0,0.4924,113470881101.0,108722281714.0,2012-04-30,0.0
825,601688.XSHG,37.2868,1.9219,58576000000.0,0.5604,1.4358,104192971838.0,0.09,1574431733.53,943954487.43,2012-04-30,0.0
826,601718.XSHG,21.6834,1.4621,13923770000.0,1.4056,2.2728,18723439946.3,0.0555,6596203973.24,6351597744.91,2012-04-30,0.0
827,601788.XSHG,34.2109,2.0858,45220140000.0,3.1007,6.9898,55303239991.4,0.4519,4498480695.74,2510682720.79,2012-04-30,0.0
828,601818.XSHG,6.1059,1.1905,122517413700.0,0.3662,6.8882,2020071178500.0,0.17,15095000000.0,5886000000.0,2012-04-30,0.0
829,601872.XSHG,120.7904,1.1063,13604838304.0,0.278,0.4818,20452841358.0,0.02,814719705.0,784805534.0,2012-04-30,0.0
830,601877.XSHG,16.6359,3.1903,15326250000.0,2.4251,4.0678,18482419229.3,0.2,2070270399.47,1777865555.49,2012-04-30,0.0
831,601888.XSHG,28.1768,5.0713,25449600000.0,4.6813,6.906000000000001,24608740256.7,0.3806,3322266802.89,2852938866.9,2012-04-30,0.0
832,601901.XSHG,168.6543,2.2561,32147000000.0,0.4968,0.9672,38543731632.7,0.02,566332691.23,310058831.37,2012-04-30,0.0
833,601933.XSHG,57.3753,5.8893,24657269000.0,1.2296,2.8651,28341860324.8,0.15,6223550539.3,6076463561.62,2012-04-30,0.0
834,601958.XSHG,62.9382,3.3607,45914580612.0,1.1327,1.2242,42240343839.6,0.05,2178530268.71,1968550883.1,2012-04-30,0.0
835,601989.XSHG,19.2445,2.2532,89179655496.0,0.5819,2.5184,217354168034.0,0.0702,12324348198.6,11164620017.0,2012-04-30,0.0
836,000001.XSHE,7.1103,1.0728,80385368027.0,0.2662,4.5681,1362400654040.0,0.67,9724000000.0,5259000000.0,2012-05-31,-0.03378289163444309
837,000002.XSHE,10.3615,1.871,101705694517.0,0.5046,2.6013,328969431824.0,0.13,10345911610.9,8423986177.68,2012-05-31,-0.036750939394336185
838,000008.XSHE,21.8154,10.1154,746843529.0,-0.0087,-0.0098,693937105.83,-0.0004,76256120.94,68221065.09,2012-05-31,0.127158690609159
839,000060.XSHE,20.831999999999997,3.5745,19391644272.0,0.8728,1.6858,24875765955.4,0.044000000000000004,3464581124.76,3241866389.91,2012-05-31,-0.08297425577987283
840,000069.XSHE,14.012,2.7096,44937861138.0,0.4298,1.7706,84827703745.0,0.052000000000000005,2540542221.37,2191745944.51,2012-05-31,0.032353748028255934
841,000100.XSHE,22.3016,1.6223,18478157058.0,0.0986,0.3386,69024498541.4,0.0045,14548964316.0,14572267212.0,2012-05-31,-0.06878466969238531
842,000402.XSHE,9.682,1.1288,21431725048.0,1.4142,4.6988,59676837142.3,0.29,2143808844.1,1752024563.45,2012-05-31,-0.06360525295436538
843,000413.XSHE,138.5694,20.6482,5193480000.0,10.1986,7.8694,4385183408.94,0.0497,207764428.94,141028364.08,2012-05-31,-0.1216878402903812
844,000415.XSHE,20.1975,1.4166,10090561127.0,0.2444,0.6321,19013497778.4,0.052000000000000005,539120182.88,415134067.52,2012-05-31,-0.03899237274944225
845,000423.XSHE,27.8666,6.8291,25650724681.0,7.6487,9.2807,26961281573.5,0.5094,713833075.46,341251362.78,2012-05-31,0.020142124073481645
846,000425.XSHE,10.1444,1.9806,31457061849.0,2.033,4.7752,49378157844.2,0.36,7988280362.53,7131769256.14,2012-05-31,-0.059671422933931524
847,000503.XSHE,282.7517,4.3337,5392933224.0,0.0925,0.2633,5334106641.2,0.0036,32406083.18,47617942.9,2012-05-31,-0.03166666666666673
848,000538.XSHE,27.7381,6.0546,35393705099.0,3.077,5.0962,37990767461.5,0.42,2831893129.81,2494786921.45,2012-05-31,0.16604346309431287
849,000540.XSHE,19.4567,4.7964,11023361957.0,0.7816,6.4492,26528814004.7,0.1123,729185392.46,647302735.52,2012-05-31,-0.14386212932108114
850,000559.XSHE,22.0921,2.4794,9814503616.0,1.1062,2.3051,13625359489.8,0.057999999999999996,1898862764.33,1782606701.11,2012-05-31,-0.14121241357131378
851,000568.XSHE,16.6983,6.5024,55142171276.0,10.5949,16.5287,58250244042.8,0.9279999999999999,3191989318.54,1408391052.71,2012-05-31,0.06978420536531843
852,000623.XSHE,8.6886,1.8346,16987449935.0,1.7929,2.0056,16213310550.2,0.27,314664239.12,267488371.07,2012-05-31,-0.07938813816513363
853,000625.XSHE,65.0672,1.7694,25505987011.0,0.3527,1.0043,41142232577.7,0.03,7544180418.0,7745001410.01,2012-05-31,-0.10784740805277256
854,000627.XSHE,-29.2706,3.097,4209664483.0,-2.0018,-2.8534,4533873670.03,-0.028999999999999998,253420602.65,268177323.73,2012-05-31,0.04503311258278152
855,000630.XSHE,21.6533,3.0253,31076322615.0,0.7848,2.8019,53351835201.3,0.2,16758406103.4,16429277208.3,2012-05-31,-0.11289294064854392
856,000651.XSHE,12.5239,3.114,68579332009.0,1.4019,5.922999999999999,122648966753.0,0.3902,20088107125.9,18740435287.4,2012-05-31,-0.08552894446141908
857,000671.XSHE,16.7491,2.7545,5129573066.0,0.0328,0.5131,13821982244.5,0.02,481104534.88,467333190.89,2012-05-31,-0.051215726849456786
858,000686.XSHE,-57.5818,3.8542,11955142778.0,0.3811,1.577,19553487689.1,0.0767,262302769.45,205234420.21,2012-05-31,-0.08342406741147514
859,000709.XSHE,27.21,0.7489,32280566396.0,0.2491,0.8379,131079553674.0,0.034,29144221367.7,28695308140.5,2012-05-31,-0.0926822520403928
860,000723.XSHE,504.2658,4.7149,2180539426.0,-1.1769,-2.0683,2531926324.53,-0.07,254488063.73,264512428.58,2012-05-31,-0.2311128971255674
861,000725.XSHE,33.5718,0.9922,24879637907.0,-1.0529,-1.9525,54056359071.8,-0.037000000000000005,4147641280.0,4914498673.0,2012-05-31,0.03802847996467599
862,000728.XSHE,50.5408,1.575,23451354000.0,0.6843,1.0435,27498277833.5,0.08,430691730.56,241276959.93,2012-05-31,-0.08626598567789938
863,000738.XSHE,52.5976,3.9051,9758378340.0,0.4638,0.8675,11315586387.2,0.02,436894722.22,413178024.54,2012-05-31,-0.03381218486985188
864,000750.XSHE,348.5729,8.0986,21202371006.0,0.6369,2.3975,21039695598.5,0.09,351450909.28,253861657.53,2012-05-31,0.05156947369971576
865,000768.XSHE,49.8892,2.218,20886323449.0,-0.016,0.08800000000000001,30066613942.8,0.0037,2392741195.3,2471175243.17,2012-05-31,-0.06880600276826691
866,000776.XSHE,47.0777,3.0277,96484450863.0,0.8188,2.029,130503179566.0,0.22,1790082283.46,956064499.45,2012-05-31,-0.08496445917495253
867,000783.XSHE,87.9734,2.1155,24708256602.0,0.6072,1.5434,38772737550.1,0.08,582228760.97,346943430.46,2012-05-31,-0.12668463611859834
868,000792.XSHE,22.5738,3.5307,50132850079.0,1.7903,3.5337,66137778659.5,0.3097,1545124637.18,909196276.08,2012-05-31,0.0767580441190221
869,000826.XSHE,35.1452,6.6727,11257475795.0,1.7622,4.1134,11041480553.5,0.162,327418692.14,249903932.08,2012-05-31,0.013276104976901171
870,000839.XSHE,74.441,1.9555,11445892949.0,0.4067,0.7715,17670912769.0,0.0287,375544419.07,419290287.02,2012-05-31,-0.07944400087101679
871,000858.XSHE,17.1788,4.6843,122419926720.0,8.359,12.3853,133600655755.0,0.804,8230651472.62,4041835235.48,2012-05-31,0.015811768056099334
872,000876.XSHE,10.3534,2.7388,27785337064.0,3.2648,5.636,37881687825.1,0.32,17265953728.4,16914160872.4,2012-05-31,-0.06315222611960941
873,000895.XSHE,28.9229,9.3989,36377873847.0,1.8475,2.9072,43812437752.0,0.3114,9168300010.71,8498975099.36,2012-05-31,0.030816395469639386
874,000938.XSHE,58.5833,3.556,2868633600.0,0.615,1.4655,3628361589.11,0.057,1193735186.54,1181592358.65,2012-05-31,-0.1161254615233365
875,000959.XSHE,-51.9309,1.1919,8869912910.0,-1.2406,-2.0055,16735451669.6,-0.0508,2921555123.68,3134268299.29,2012-05-31,-0.04679910220763121
876,000961.XSHE,18.6004,2.9225,16291357203.0,0.4103,2.5597,39181375073.0,0.12,1859377321.07,1657721653.57,2012-05-31,-0.10681111669551936
877,000963.XSHE,28.9408,7.2323,11936649753.0,2.4936,7.6511,15596587280.3,0.2802,3516113015.35,3320590041.14,2012-05-31,0.0981801025577565
878,000983.XSHE,20.28,3.7319999999999998,57194280000.0,2.7987,6.9486,67051604657.7,0.3227,8062315775.3,6560129572.5,2012-05-31,-0.12968147423572926
879,002007.XSHE,37.7256,5.5488,13857725440.0,5.3435,5.3606,13366875859.7,0.2263,274065826.4,101893074.96,2012-05-31,0.022037311181427183
880,002008.XSHE,13.2855,2.5196,7509211554.0,0.9845,1.9073,10083073849.0,0.0528,695363271.22,649905320.68,2012-05-31,-0.10033676108004086
881,002024.XSHE,13.7854,2.7553,64085300693.0,1.5613,4.1724,100641404694.0,0.14,22641020000.0,21434154000.0,2012-05-31,-0.0840639274506082
882,002027.XSHE,-20.551,2.234,1330274510.0,-1.0443,-1.483,1480428415.51,-0.0294,250510817.47,259600881.06,2012-05-31,-0.08631286762276111
883,002044.XSHE,35.1279,5.4418,2090010000.0,0.8191,1.4069,2226046108.77,0.024,129105048.27,121756199.13,2012-05-31,-0.06043971432572475
884,002065.XSHE,25.8013,4.8643,11410996000.0,2.755,3.9581,11918240617.5,0.172,574021056.45,509495149.04,2012-05-31,0.03256095714069352
885,002074.XSHE,43.8634,3.9022,1725436080.0,1.4371,2.6485,2041095553.88,0.05,101610507.91,90931567.53,2012-05-31,-0.0411124965364367
886,002081.XSHE,34.7122,8.5615,28358478576.0,2.714,6.2371,23770489229.5,0.3866,2370403455.25,2129798446.77,2012-05-31,0.04167312011151556
887,002142.XSHE,8.347000000000001,1.4693,28982396316.0,0.39299999999999996,5.377999999999999,271041489251.0,0.36,2402595000.0,1099491000.0,2012-05-31,0.0141955547425227
888,002146.XSHE,13.942,3.4704,22121881600.0,0.7752,3.5754,39969396456.8,0.12,1813826111.29,1514856411.41,2012-05-31,-0.07243123977631526
889,002153.XSHE,29.9167,7.1245,8077305600.0,3.1709,3.5843,8669450876.3,0.13,142364325.06,109214196.76,2012-05-31,-0.01836523838822405
890,002174.XSHE,684.2151,5.5304,1250734009.0,-0.6211,-1.2551,1437898893.48,-0.034,54331932.94,57443837.09,2012-05-31,0.10079055338737107
891,002230.XSHE,64.459,7.3365,8893285404.0,1.3195,1.6628,9300796154.83,0.08,130067692.66,110728228.52,2012-05-31,-0.16241652156663947
892,002236.XSHE,39.7128,10.2354,16114102296.0,2.9129,4.3483,14067682047.0,0.24,498029565.17,443347074.46,2012-05-31,0.06339233715122751
893,002241.XSHE,44.1835,5.7041,25788188851.0,1.7628,3.4728,22890086830.1,0.15,979952086.76,839878314.62,2012-05-31,0.19994195467627654
894,002252.XSHE,34.14,7.2711,6805440000.0,2.1294,2.3035,6998424982.57,0.078,71543015.96,48150081.75,2012-05-31,-0.02805349493260885
895,002292.XSHE,68.768,6.2364,8810496000.0,2.1215,2.3791,9404605437.13,0.08,267810140.57,228023252.72,2012-05-31,-0.02650575231220401
896,002294.XSHE,25.95,4.8904,11044185600.0,4.9884,5.7403,10290819245.7,0.35,414950938.75,268881214.84,2012-05-31,0.06551527410404033
897,002304.XSHE,30.5837,12.7906,154800000000.0,11.2245,20.1158,138888544032.0,2.46,5961705523.68,3032872053.3,2012-05-31,-0.053020796034848716
898,002310.XSHE,35.2075,8.1051,15065407780.0,-0.782,-1.6309,15253089344.9,-0.2,251920926.31,276868648.65,2012-05-31,0.17436700203653613
899,002352.XSHE,39.1202,2.3316,1703715774.0,1.2182,1.6780000000000002,1810110276.68,0.16,181164418.37,170834262.05,2012-05-31,-0.05618191402131899
900,002385.XSHE,25.3213,3.8917,14268480000.0,4.1034,5.0057,14816889232.1,0.45,2102886613.18,1883406244.28,2012-05-31,0.08990561090718413
901,002411.XSHE,40.1243,3.2164,2551878000.0,1.8145,2.496,2723191041.85,0.08,248326413.49,226432967.52,2012-05-31,0.11010625017338477
902,002415.XSHE,30.1063,6.5941,47200000000.0,4.2396,4.9761,43265127029.0,0.35,1292678630.79,936229586.55,2012-05-31,0.1615295624509357
903,002424.XSHE,34.227,3.7487,7394688000.0,1.9749,2.9872,7622925474.61,0.12,293591819.29,220411047.28,2012-05-31,0.06298815314133485
904,002426.XSHE,49.9263,2.164,2874943800.0,1.0742,1.4803,3371324193.94,0.0485,376287714.53,351709125.1,2012-05-31,-0.08079508079508077
905,002450.XSHE,53.5763,8.0178,8537651200.0,2.2171,4.2567,8934809246.08,0.0861,407522741.93,345793834.15,2012-05-31,-0.036344068217567665
906,002456.XSHE,151.4251,5.407,5372160000.0,0.8529,2.097,5733836604.51,0.11,363020414.35,339905413.88,2012-05-31,0.06145757795503996
907,002460.XSHE,63.4698,5.0709,3759000000.0,1.9973,2.3468,3503091110.42,0.115,144125080.29,124929555.69,2012-05-31,0.024730552570740187
908,002465.XSHE,35.6349,1.9484,8359213661.0,0.2542,0.3474,8382965375.25,0.04,212327536.44,206187488.56,2012-05-31,-0.10103000224455684
909,002466.XSHE,118.473,4.7193,4683420000.0,0.7308,0.8244,4333963821.27,0.06,82702389.92,74496802.15,2012-05-31,-0.006902478983697273
910,002468.XSHE,217.016,2.4945,1896192000.0,0.0584,0.1392,2333032620.84,0.0046,247213484.53,245821950.59,2012-05-31,0.02066319346662911
911,002470.XSHE,21.3736,3.3047,10409000000.0,2.9529,5.4186,12073446505.5,0.24,2214524463.41,2015681524.97,2012-05-31,-0.10962962962962973
912,002475.XSHE,34.4798,4.7775,9072360000.0,1.402,1.7654,8930860101.36,0.13,592599447.08,539293199.6,2012-05-31,0.19562819321876446
913,002500.XSHE,93.2549,3.2676,19774352000.0,0.4168,0.8942,22061679213.0,0.02,251344613.0,180104697.0,2012-05-31,0.0
914,002508.XSHE,22.2136,2.8297,4392960000.0,2.1714,2.7689999999999997,4763738915.28,0.17,354508426.15,310623014.84,2012-05-31,0.030878059735009945
915,002555.XSHE,49.451,1.8624,1431120000.0,0.3859,0.4202,1444090552.24,0.024,82715424.03,78883280.61,2012-05-31,-0.03371437602065008
916,002558.XSHE,29.3068,2.3108,1340535000.0,-1.6469,-1.6938,1415646518.43,-0.17,40902349.66,51859838.68,2012-05-31,0.0057590785474324075
917,002572.XSHE,32.3888,3.1339,4316380000.0,0.9173,1.0094,4158755255.63,0.13,140682942.92,123956491.97,2012-05-31,-0.038161682812532925
918,002601.XSHE,22.3467,3.8366,8121600000.0,3.5956,4.8416,8991137672.75,1.06,669412182.1,551912237.84,2012-05-31,-0.09606359629556922
919,002602.XSHE,20.2728,1.6698,2625000000.0,1.6765,1.8521,2622316593.34,0.1648,228839761.06,194685061.22,2012-05-31,-0.1168249717561404
920,002608.XSHE,15.935,1.485,2948820000.0,0.132,0.3703,6818935102.12,0.05,565234185.78,559538599.53,2012-05-31,-0.0962218064650244
921,002624.XSHE,39.7699,4.2826,2129000000.0,1.6138,2.2188,1542314026.58,0.11,80621753.63,72775394.49,2012-05-31,-0.21198076923076933
922,002673.XSHE,277.5035,6.8493,22212000000.0,0.5717,1.7808,6715717672.75,0.06,209165829.95,131649025.25,2012-05-31,-0.0923820879703233
923,300003.XSHE,22.3402,4.5293,10653440000.0,5.7318,6.204,10774446951.8,0.1793,289918261.67,123649664.87,2012-05-31,0.0068652052459638535
924,300015.XSHE,46.3835,5.9855,8492736000.0,2.7445,3.4158,8831395531.19,0.11,354554855.84,288058012.37,2012-05-31,0.054840223114215686
925,300017.XSHE,37.5424,2.9961,2382610719.0,1.7344,1.8429,2475536562.35,0.09,163494229.08,147468884.6,2012-05-31,0.055058619192357904
926,300024.XSHE,37.7082,5.1852,6292532400.0,1.7106,2.2038,5427647562.76,0.09,230418005.78,197028550.56,2012-05-31,0.04399963103034762
927,300027.XSHE,43.3609,4.9271,8455104000.0,0.9916,1.6893,9534879793.22,0.05,235875166.41,204571828.68,2012-05-31,0.1323353118329873
928,300033.XSHE,44.7597,2.0909999999999997,2361408000.0,0.9061,1.0008,2257611390.12,0.08,50917741.85,40270708.33,2012-05-31,0.0005749466976500549
929,300059.XSHE,43.5703,2.7777,4791360000.0,1.3206,1.4101,4273739899.61,0.07,67819977.95,46158073.31,2012-05-31,-0.17392984082831098
930,300070.XSHE,47.1645,5.0029,16410933000.0,0.3218,0.297,13277430331.9,0.03,167737370.16,145714288.13,2012-05-31,0.0016651722812861265
931,300072.XSHE,43.4505,3.7247,4268207600.0,0.2171,0.3688,4316985020.27,0.022000000000000002,179467591.78,172145159.2,2012-05-31,-0.056531917123790215
932,300122.XSHE,50.6653,4.4638,10240000000.0,1.4628,1.5792,8818845292.01,0.09,138570988.44,98059519.84,2012-05-31,-0.003913147220233898
933,300124.XSHE,32.0043,4.0952,10497600000.0,2.1729,2.3480000000000003,10214400925.8,0.28,213819647.39,165364417.05,2012-05-31,-0.1555626293172052
934,300136.XSHE,35.3742,3.5991,2458789600.0,1.1802,1.2451,2448544890.89,0.0634,28700242.35,19390460.39,2012-05-31,-0.12690284599575005
935,300144.XSHE,33.0241,2.8453,7811496000.0,1.339,1.501,8168247213.63,0.11,70873420.76,43040180.91,2012-05-31,0.01915299637598697
936,300251.XSHE,31.6432,3.1762,5743478400.0,1.0464,1.0963,6545244504.65,0.18,108637390.05,90958959.2,2012-05-31,-0.02013895408881792
937,300315.XSHE,59.4112,15.0594,3535056000.0,4.4939,4.7449,8380464.43,0.09,41603138.04,28919452.75,2012-05-31,-0.034246962418762364
938,600000.XSHG,5.6175,1.0424,163590944310.0,0.289,5.1603,2799225557740.0,0.423,19909000000.0,9603000000.0,2012-05-31,-0.03841890620098295
939,600008.XSHG,24.3871,2.2319999999999998,12166000000.0,0.4233,1.0089,21677701668.3,0.0249,607409189.34,529350839.54,2012-05-31,-0.09442008287403957
940,600009.XSHG,16.6769,1.6001,25166077331.0,2.0705,2.3665,27825488226.7,0.19,1101307848.65,760376430.4,2012-05-31,-0.02449491846729035
941,600010.XSHG,99.9916,3.1513,40661664361.0,0.0206,0.0835,79776896360.3,0.0017,9165617342.09,8919140440.55,2012-05-31,-0.22908961276235465
942,600015.XSHG,6.8459,1.0187,67538296151.0,0.1885,3.612,1249637240420.0,0.34,9036740503.56,5879703311.15,2012-05-31,-0.03954866912320042
943,600018.XSHG,14.8737,1.4067,65079813799.0,1.3895,2.0146,92777221738.6,0.0405,5976282242.2,4589726392.39,2012-05-31,-0.06993719232727874
944,600019.XSHG,15.3738,0.7866,84758312746.0,0.5347,1.14,210322921373.0,0.07,47419467218.9,46461271812.8,2012-05-31,-0.06862935770895127
945,600021.XSHG,21.6649,1.7289,10762888463.0,0.7751,2.8484,32325290666.6,0.0806,4042144531.97,3958971520.26,2012-05-31,0.09343814080656183
946,600031.XSHG,12.9064,5.0496,113449969687.0,5.1604,13.3127,130416769526.0,0.369,14677802000.0,11382118000.0,2012-05-31,-0.06827944006615015
947,600038.XSHG,58.1923,4.3429,6591819000.0,0.3834,0.8241,7812458142.48,0.0369,262974959.08,245346755.47,2012-05-31,-0.14585457869457938
948,600048.XSHG,12.7452,2.2667,81135202909.0,0.336,1.5103,233097814953.0,0.09,4919743750.55,3929666459.69,2012-05-31,0.012802033446474828
949,600050.XSHG,51.1606,1.2195,86906045220.0,0.2176,0.4707,328606829149.0,0.0158,62984181231.0,61725116598.0,2012-05-31,-0.09268495428096432
950,600061.XSHG,-216.3961,4.3874,2501553540.0,-1.0279,-2.5613,3528098596.67,-0.03,582738764.15,596540538.68,2012-05-31,-0.1595189471295666
951,600066.XSHG,12.6077,2.7064,15622189082.0,2.5526,5.3014,21325967847.2,0.36,3969350239.14,3707524481.45,2012-05-31,-0.03148675590999713
952,600068.XSHG,16.7509,2.229,26051318558.0,0.6982,3.7066,79342061520.6,0.121,11668606214.3,11196401912.3,2012-05-31,-0.1134157509157508
953,600074.XSHG,-39.3984,5.8873,1990334808.0,-1.8624,-11.8176,4314258590.69,-0.064,421138059.53,471941590.42,2012-05-31,-0.019942378680111745
954,600085.XSHG,41.3818,5.3701,19491923454.0,3.1154,4.2821,20680431306.5,0.11699999999999999,2296556030.78,2016539174.47,2012-05-31,0.16566557413945895
955,600089.XSHG,18.0882,1.5618,20583722350.0,0.8370000000000001,2.195,40531638749.7,0.1084,4238507870.55,4010992055.68,2012-05-31,-0.13316943562179326
956,600100.XSHG,26.8913,2.1604,18565128349.0,0.2216,0.5208,38708578494.9,0.0224,4020143891.47,4072174962.04,2012-05-31,-0.08746192079525414
957,600104.XSHG,8.4192,1.5935,173321907408.0,2.9431,5.3119,340428836843.0,0.509,123966662318.0,116201620529.0,2012-05-31,-0.09096366673627068
958,600109.XSHG,103.9728,4.6518,15403728710.0,0.7593,2.1984,17597025781.8,0.07200000000000001,337107295.73,238574384.7,2012-05-31,-0.058836111816686965
959,600111.XSHG,25.4799,15.6475,107054344800.0,9.3976,19.3497,88271681526.4,0.997,3570219450.38,1612091166.01,2012-05-31,-0.10723838210282118
960,600118.XSHG,52.1309,6.0162,12355751474.0,0.8497,1.8134,14547426192.2,0.05,670142734.29,622279584.86,2012-05-31,-0.0660247348252469
961,600153.XSHG,8.5151,2.1297,17991515958.0,0.8557,4.5964,62581428642.6,0.17,18628905312.2,17952728159.5,2012-05-31,-0.10946046928710212
962,600157.XSHG,53.8286,2.6192,20521366143.0,0.8003,2.6635,27294861313.9,0.2112,970204019.74,720243027.83,2012-05-31,-0.2179170957158937
963,600170.XSHG,13.0287,1.771,18964328387.0,0.4611,2.7714,66841588224.1,0.25,20365345445.1,20011942583.6,2012-05-31,-0.11951981181814506
964,600177.XSHG,13.1068,1.6612,21353206155.0,0.599,2.055,57676369219.8,0.115,2054471429.54,1879530964.57,2012-05-31,-0.07495422494058987
965,600196.XSHG,15.9722,1.9969,19938988051.0,1.9348,3.3935,26421983330.8,0.18,1646238552.83,1584756759.33,2012-05-31,-0.005260318316698044
966,600208.XSHG,22.014,2.9459,29438792546.0,0.5526,2.0487,49141417362.3,0.033,964049103.43,1040132389.08,2012-05-31,-0.12868393458715402
967,600219.XSHG,14.6035,0.9239,14486817168.0,1.0168,1.2232,18002541169.9,0.1,3402749050.88,3151651601.63,2012-05-31,-0.10545824551202852
968,600221.XSHG,8.0599,1.4386,20421179930.0,0.2167,1.2249,82492049502.0,0.04,7062034000.0,6865138000.0,2012-05-31,0.009533301555661393
969,600233.XSHG,16.6038,2.0672,1963500000.0,1.7132,1.6469999999999998,1735184973.44,0.094,206917214.04,172420297.49,2012-05-31,-0.05629632256462992
970,600271.XSHG,17.7853,3.6156,18172512000.0,4.3123,4.8588,18513271273.5,0.26,2915919080.7,2550838337.42,2012-05-31,-0.039127323149866916
971,600276.XSHG,34.9484,7.1285,32299070513.0,6.2829999999999995,6.8975,29961133469.7,0.2686,1339998690.81,966945012.92,2012-05-31,0.09916065148179652
972,600297.XSHG,1100.1667,2.6616,2222500000.0,0.1716,0.4193,2606274860.86,0.0098,234036051.38,234961808.3,2012-05-31,-0.05825488891001876
973,600309.XSHG,17.9948,4.2321,32672877619.0,3.1341,5.8959,37559499515.5,0.2,3281137342.63,2622401638.28,2012-05-31,-0.1164832908722716
974,600340.XSHG,10.4649,5.7569,15292489505.0,0.0139,0.5588,38310513150.0,0.03,778096872.97,770989818.52,2012-05-31,0.0432665501988626
975,600352.XSHG,14.8915,1.3079,9265704518.0,0.5812,1.4802,16981042066.2,0.0697,2231967559.31,2136443022.09,2012-05-31,-0.07676916596461672
976,600369.XSHG,225.483,2.8113,28311940111.0,0.9069,1.6069,27184750682.6,0.07,353087496.91,142827131.24,2012-05-31,-0.07218661157316669
977,600372.XSHG,59.5563,6.9526,24887618555.0,1.2968,2.4922,22940717689.7,0.1071,871137897.04,769998615.21,2012-05-31,-0.049660019864007934
978,600373.XSHG,18.0961,2.2624,9007850886.0,2.0356,4.1281,12816204175.6,0.28,2401087589.62,2287018472.11,2012-05-31,-0.09572701545945683
979,600376.XSHG,11.8956,1.7346,20775982500.0,-0.0223,-0.045,65300748642.8,-0.0036,708776144.79,775209405.24,2012-05-31,-0.04748760351223405
980,600383.XSHG,10.4236,1.5063,31389990175.0,0.2127,0.7542,92493826149.4,0.03,1743229276.88,1485877638.51,2012-05-31,-0.06766967126192992
981,600390.XSHG,-30.3559,4.4593,2451966000.0,0.7631,1.9701,2789440645.03,0.067,196027470.48,195986125.22,2012-05-31,-0.1057441253263708
982,600406.XSHG,35.2111,10.173,30518176619.0,1.1155,2.3155,36416553167.2,0.07,772541621.7,727931330.93,2012-05-31,-0.03510833582955064
983,600415.XSHG,39.0642,3.1652,25392594131.0,1.1698,2.6766,29642086636.4,0.08,755214353.52,486293040.8,2012-05-31,-0.1542709867452136
984,600436.XSHG,41.0801,9.2462,11457600000.0,5.0915,7.4887,10256644692.2,0.64,264011555.68,156957357.45,2012-05-31,0.07392397620909959
985,600482.XSHG,64.3474,3.9137,4697590000.0,0.5898,1.5879,5941132982.5,0.04,1166144978.95,1144013580.12,2012-05-31,-0.16290246520914645
986,600485.XSHG,529.288,2.9918,1424664080.0,-2.0981,-2.952,1449712187.25,-0.10300000000000001,32199862.62,49022503.75,2012-05-31,-0.14397296428675768
987,600489.XSHG,23.5398,5.1462,45404209567.0,2.8198,4.6944,47042907876.8,0.21,6438710318.35,5730826275.79,2012-05-31,-0.07000398883127239
988,600498.XSHG,26.8781,3.1947,12703893510.0,0.9118,2.3115,17217620696.2,0.21,1429432052.89,1425590552.38,2012-05-31,-0.07694917754665491
989,600518.XSHG,23.8043,2.8862,27857712500.0,2.5774,4.2814,34397359665.4,0.184,2551434522.45,2087876882.49,2012-05-31,0.21705257878458584
990,600519.XSHG,24.9499,8.788,245716442400.0,8.7773,11.2148,211355473106.0,2.86,6015967741.62,1843049067.42,2012-05-31,0.010436028725832056
991,600522.XSHG,20.6306,1.694,7333888961.0,1.1703,1.7577,9220061057.76,0.195,1234640715.37,1144572787.57,2012-05-31,-0.1805808515874969
992,600535.XSHG,33.6606,5.3689,20140431753.0,2.1696,4.0151,20927178640.8,0.2859,2128841318.42,1966361342.09,2012-05-31,0.14057860262008726
993,600547.XSHG,23.5169,7.7692,48825614318.0,4.8732,10.3158,51728592692.9,0.43,12899659038.7,12109277230.5,2012-05-31,-0.03883422421438682
994,600549.XSHG,32.1054,9.2702,32960093400.0,1.3185,3.0968,34412566463.1,0.1588,1845683662.4,1629995758.71,2012-05-31,-0.09145433185499957
995,600570.XSHG,35.7487,7.1125,8788643136.0,1.9521,2.6336,7851355946.51,0.05,142264798.16,135482139.71,2012-05-31,-0.02078376997737713
996,600583.XSHG,54.5476,2.5183,23958950400.0,0.2721,0.5169,29685386909.9,0.01,1303247330.09,1238728448.04,2012-05-31,-0.0053943749445479906
997,600588.XSHG,29.3655,5.3464,15635972119.0,-0.7806,-1.4185,16737280753.3,-0.051,485376677.0,619561543.0,2012-05-31,-0.04445592187694266
998,600606.XSHG,21.629,1.9808,4195924530.0,0.2881,0.7433,5517202698.02,0.032,115805121.9,112619224.86,2012-05-31,-0.07294145803140492
999,600637.XSHG,42.6087,5.9946,16193722531.0,3.4846,4.2493,16493778638.0,0.1,346258899.74,230902547.84,2012-05-31,-0.09903754837063597
1000,600649.XSHG,10.9966,1.3566,17971103009.0,3.6814,7.882999999999999,27325120304.7,0.44,619725068.28,577880452.18,2012-05-31,-0.07672648080488102
1001,600660.XSHG,12.0182,2.6652,17546160268.0,2.8843,5.4936,21454762596.3,0.18,2257348904.0,1832836478.0,2012-05-31,-0.0626750539510537
1002,600663.XSHG,22.1302,2.193,24093123600.0,0.6085,1.3967,32868480191.4,0.0817,552342611.8,360453596.16,2012-05-31,-0.04883772744151507
1003,600674.XSHG,51.0189,1.7826,14499074160.0,0.2169,0.1683,19141923365.6,0.0122,301381443.7,208269997.95,2012-05-31,-0.05852907200616096
1004,600682.XSHG,19.1854,2.4547,3189062997.0,3.6007,9.965,5092026175.57,0.34,768060956.59,723957344.88,2012-05-31,-0.07293639105126593
1005,600690.XSHG,12.0168,3.6545,32731704713.0,2.1554,7.1778,53503357857.4,0.231,18688577124.1,17847172945.7,2012-05-31,-0.02463201600987532
1006,600703.XSHG,21.4021,3.8151,20721597686.0,2.0803,3.5509,20244483103.0,0.14,510363394.92,391521797.54,2012-05-31,-0.05155761598707556
1007,600704.XSHG,15.432,1.9937,7075115823.0,1.0948,5.2072,25681020001.5,0.2727,9153023903.26,8791542822.28,2012-05-31,-0.1704024889150192
1008,600739.XSHG,10.7271,2.4354,24155363743.0,2.0211,2.4765,26270310250.8,0.18,2422708225.08,2231474376.26,2012-05-31,-0.11864666867480142
1009,600741.XSHG,8.6378,1.492,26038657764.0,3.3338,4.7342,43624947114.0,0.312,14085715564.3,12893815095.9,2012-05-31,-0.0810749144378249
1010,600795.XSHG,11.3023,1.402,38794913315.0,0.2112,1.0661,190490708000.0,0.019,12857986039.3,12664736298.8,2012-05-31,0.11362257281553405
1011,600804.XSHG,55.4907,2.5612,9208965842.0,0.8694,1.7254,12357460826.0,0.05,565191869.71,521793468.8,2012-05-31,-0.13662187753629731
1012,600816.XSHG,38.2112,15.1736,8341996622.0,5.6912,9.9392,6983452998.03,0.1204,83134989.17,22323302.48,2012-05-31,-0.09525966672059537
1013,600820.XSHG,6.0678,1.4047,6851089381.0,0.3156,0.9623,22116762484.2,0.1,2549681908.93,2672793581.5,2012-05-31,-0.04712104247564152
1014,600827.XSHG,16.079,1.7119,20032625596.0,1.5513,3.8543,41647511209.8,0.25,14549167451.1,13874579178.5,2012-05-31,-0.02751975666336184
1015,600837.XSHG,33.7583,2.1766,100160336331.0,1.0595,2.2975,133216881784.0,0.13,2426157382.87,995711024.92,2012-05-31,-0.07847186370676318
1016,600886.XSHG,54.41,1.2371,14117518561.0,-0.0622,-0.5603,115402032417.0,-0.0279,5763218031.3,5777896338.51,2012-05-31,0.0838944494995451
1017,600887.XSHG,17.3114,5.5863,35921564385.0,2.1498,6.5963,46688132249.9,0.26,10257911192.5,9796665340.78,2012-05-31,-0.08410599002411583
1018,600893.XSHG,61.4393,4.0654,16430764399.0,0.5219,1.1546,19752194049.5,0.04,1158524709.32,1104269298.21,2012-05-31,-0.13318725289382174
1019,600895.XSHG,27.0095,2.0692,13055452907.0,0.28600000000000003,0.7589,22456799108.3,0.03,311710318.0,293340428.51,2012-05-31,0.016603850463481697
1020,600900.XSHG,15.2495,1.6493,113850000000.0,0.2635,0.6029,192759038994.0,0.0251,3378420338.23,3355985197.84,2012-05-31,-0.01450048764330276
1021,600999.XSHG,36.3233,2.5906,63624012666.0,0.7475,2.1517,100557773254.0,0.1153,1250986560.19,582935562.64,2012-05-31,-0.1494532697257332
1022,601006.XSHG,9.4547,1.6697,110608928693.0,3.6061,5.2949,137599902247.0,0.23,11190000000.0,7210240627.0,2012-05-31,-0.05509468822170893
1023,601009.XSHG,7.6448,1.1703,26453194759.0,0.3533,4.6667,309841573304.0,0.35,2243664537.4,966257999.57,2012-05-31,-0.010463483146067357
1024,601012.XSHG,29.8569,1.7327,5187781200.0,0.3002,0.557,2123461305.97,0.06,473394507.46,469216911.74,2012-05-31,-0.07942434105558742
1025,601018.XSHG,12.2326,1.291,33536000000.0,2.3744,3.1272,38654335000.0,0.06,1735781000.0,1180573000.0,2012-05-31,-0.034325744308231085
1026,601099.XSHG,147.045,5.5636,11861142324.0,0.3172,0.77,13315362572.8,0.011000000000000001,117588402.39,95597271.09,2012-05-31,-0.12544609062398612
1027,601117.XSHG,13.5855,2.1431,33544400000.0,0.9144,2.707,59164148213.5,0.08,9731599427.76,9226101636.95,2012-05-31,-0.15146890499809232
1028,601118.XSHG,41.5762,3.0466,27989941792.0,0.9353,1.1065,27843058985.1,0.0257,1820394461.7,1709541809.62,2012-05-31,-0.035107930244949126
1029,601166.XSHG,5.0322,1.1645,143782860416.0,0.3304,6.9308,2635764996300.0,0.77,19232000000.0,8272000000.0,2012-05-31,-0.026253993392130675
1030,601169.XSHG,7.4022,1.1072,72527981529.0,0.3445,5.8187,1005911409890.0,0.46,6302155000.0,2008676000.0,2012-05-31,-0.012125174596570462
1031,601216.XSHG,20.1243,2.0438,10380800000.0,0.9826,1.4061,12462039623.6,0.1108,827855109.41,717824914.59,2012-05-31,-0.14055149453571686
1032,601377.XSHG,66.6867,3.1517,26136000000.0,0.8405,1.9675,34349107643.4,0.08,665592370.19,418762187.2,2012-05-31,-0.10928137999465698
1033,601555.XSHG,101.2743,2.5994,19300000000.0,0.38799999999999996,0.8239,23704200365.4,0.03,320529947.63,235991221.73,2012-05-31,-0.07614325556686889
1034,601668.XSHG,7.1998,1.0995,100800000000.0,0.7253,2.8237,467040037000.0,0.09,105476298000.0,101416804000.0,2012-05-31,0.01821369784584554
1035,601669.XSHG,12.0681,1.5802,44256000000.0,0.4454,2.6094,174138584900.0,0.0751,24200005946.4,23319338830.8,2012-05-31,-0.05205943951331397
1036,601688.XSHG,41.7783,2.1534,65632000000.0,0.5604,1.4358,104192971838.0,0.09,1574431733.53,943954487.43,2012-05-31,-0.09181745826261227
1037,601718.XSHG,20.7825,1.4013,13345220000.0,1.4056,2.2728,18723439946.3,0.0555,6596203973.24,6351597744.91,2012-05-31,-0.08668956503237171
1038,601788.XSHG,37.4691,2.2845,49526820000.0,0.7373,1.5641,68819921006.2,0.0996,969374473.1,528355269.81,2012-05-31,-0.07397375076697445
1039,601818.XSHG,5.8036,1.1316,116452195200.0,0.3662,6.8882,2020071178500.0,0.17,15095000000.0,5886000000.0,2012-05-31,-0.013896515311510095
1040,601872.XSHG,132.2217,1.2109999999999999,14892362434.0,0.278,0.4818,20452841358.0,0.02,814719705.0,784805534.0,2012-05-31,-0.06919672347734186
1041,601877.XSHG,17.4431,3.3451,16069950000.0,2.4251,4.0678,18482419229.3,0.2,2070270399.47,1777865555.49,2012-05-31,-0.045650802891379176
1042,601888.XSHG,26.423000000000002,4.7556,23865600000.0,4.6813,6.906000000000001,24608740256.7,0.3806,3322266802.89,2852938866.9,2012-05-31,0.044373050971274135
1043,601901.XSHG,167.0542,2.2347,31842000000.0,0.4968,0.9672,38543731632.7,0.02,566332691.23,310058831.37,2012-05-31,-0.014282892137495113
1044,601933.XSHG,51.0499,5.24,21938903000.0,1.2296,2.8651,28341860324.8,0.15,6223550539.3,6076463561.62,2012-05-31,-0.04464258543562266
1045,601958.XSHG,62.318999999999996,3.3277,45462855996.0,1.1327,1.2242,42240343839.6,0.05,2178530268.71,1968550883.1,2012-05-31,-0.10077964352924937
1046,601989.XSHG,18.6748,2.1865,86539468326.0,0.5819,2.5184,217354168034.0,0.0702,12324348198.6,11164620017.0,2012-05-31,-0.1203299284806932
1047,000001.XSHE,6.8701,1.0365,77669992307.0,0.2662,4.5681,1362400654040.0,0.67,9724000000.0,5259000000.0,2012-06-29,-0.003962986100265455
1048,000002.XSHE,9.9807,1.8023,97967323042.0,0.5046,2.6013,328969431824.0,0.13,10345911610.9,8423986177.68,2012-06-29,0.05090251726200189
1049,000008.XSHE,24.5908,11.4023,841856167.0,-0.0087,-0.0098,693937105.83,-0.0004,76256120.94,68221065.09,2012-06-29,-0.16007317630916987
1050,000060.XSHE,19.1034,3.2779,17782550386.0,0.8728,1.6858,24875765955.4,0.044000000000000004,3464581124.76,3241866389.91,2012-06-29,-0.023350943936267927
1051,000069.XSHE,14.4654,2.7973,46392160851.0,0.4298,1.7706,84827703745.0,0.052000000000000005,2540542221.37,2191745944.51,2012-06-29,-0.029778611881549805
1052,000100.XSHE,20.7671,1.5107,17206724233.0,0.0986,0.3386,69024498541.4,0.0045,14548964316.0,14572267212.0,2012-06-29,-0.08870356330553447
1053,000402.XSHE,8.9299,1.0412,19766831153.0,1.4142,4.6988,59676837142.3,0.29,2143808844.1,1752024563.45,2012-06-29,0.013790371943974365
1054,000413.XSHE,121.7081,18.1357,4561530000.0,10.1986,7.8694,4385183408.94,0.0497,207764428.94,141028364.08,2012-06-29,-0.14105279471019735
1055,000415.XSHE,19.4099,1.3614,9697092706.0,0.2444,0.6321,19013497778.4,0.052000000000000005,539120182.88,415134067.52,2012-06-29,-0.1884836541316848
1056,000423.XSHE,28.4279,6.9667,26167401695.0,7.6487,9.2807,26961281573.5,0.5094,713833075.46,341251362.78,2012-06-29,-0.08397789452734143
1057,000425.XSHE,9.539,1.8624,29579951928.0,2.033,4.7752,49378157844.2,0.36,7988280362.53,7131769256.14,2012-06-29,-0.1145248928744976
1058,000503.XSHE,273.7979,4.1964,5222157005.0,0.0925,0.2633,5334106641.2,0.0036,32406083.18,47617942.9,2012-06-29,-0.008605851979345925
1059,000538.XSHE,32.2542,7.0403,41156116875.0,3.077,5.0962,37990767461.5,0.42,2831893129.81,2494786921.45,2012-06-29,-0.0013514577374234974
1060,000540.XSHE,16.6579,4.1065,9437634715.0,0.7816,6.4492,26528814004.7,0.1123,729185392.46,647302735.52,2012-06-29,-0.09270689994102607
1061,000559.XSHE,18.0395,2.0246,8014115777.0,1.1062,2.3051,13625359489.8,0.057999999999999996,1898862764.33,1782606701.11,2012-06-29,-0.14312462552426608
1062,000568.XSHE,17.8636,6.9562,58990272230.0,10.5949,16.5287,58250244042.8,0.9279999999999999,3191989318.54,1408391052.71,2012-06-29,-0.029735636021489088
1063,000623.XSHE,7.9327,1.6749,15509562428.0,1.7929,2.0056,16213310550.2,0.27,314664239.12,267488371.07,2012-06-29,-0.0605568227978627
1064,000625.XSHE,58.049,1.5786,22754884207.0,0.3527,1.0043,41142232577.7,0.03,7544180418.0,7745001410.01,2012-06-29,0.05354817708333348
1065,000627.XSHE,-30.5883,3.2364,4399167065.0,-2.0018,-2.8534,4533873670.03,-0.028999999999999998,253420602.65,268177323.73,2012-06-29,-0.08000247302853254
1066,000630.XSHE,19.1175,2.6710000000000003,27437009445.0,0.7848,2.8019,53351835201.3,0.2,16758406103.4,16429277208.3,2012-06-29,-0.09999733766406643
1067,000651.XSHE,11.4528,2.8477,62713994403.0,1.4019,5.922999999999999,122648966753.0,0.3902,20088107125.9,18740435287.4,2012-06-29,0.06750539734758926
1068,000671.XSHE,15.8915,2.6135,4866930349.0,0.0328,0.5131,13821982244.5,0.02,481104534.88,467333190.89,2012-06-29,0.0004907306434023452
1069,000686.XSHE,-52.7782,3.5327,10957815359.0,0.3811,1.577,19553487689.1,0.0767,262302769.45,205234420.21,2012-06-29,-0.0776014564799153
1070,000709.XSHE,24.4353,0.6725,28988798112.0,0.2491,0.8379,131079553674.0,0.034,29144221367.7,28695308140.5,2012-06-29,-0.05126543680439093
1071,000723.XSHE,387.7229,3.6253,1676586332.0,-1.1769,-2.0683,2531926324.53,-0.07,254488063.73,264512428.58,2012-06-29,-0.05244873489716232
1072,000725.XSHE,34.849000000000004,1.03,25826145871.0,-1.0529,-1.9525,54056359071.8,-0.037000000000000005,4147641280.0,4914498673.0,2012-06-29,-0.10469506034986976
1073,000728.XSHE,46.1809,1.4391,21428331000.0,0.6843,1.0435,27498277833.5,0.08,430691730.56,241276959.93,2012-06-29,-0.03207822533566845
1074,000738.XSHE,50.8189,3.773,9428384870.0,0.4638,0.8675,11315586387.2,0.02,436894722.22,413178024.54,2012-06-29,-0.22200464318158875
1075,000750.XSHE,364.7171,8.4736,22184360461.0,0.6369,2.3975,21039695598.5,0.09,351450909.28,253861657.53,2012-06-29,-0.1793248354111221
1076,000768.XSHE,46.4567,2.0654,19449304754.0,-0.016,0.08800000000000001,30066613942.8,0.0037,2392741195.3,2471175243.17,2012-06-29,-0.07643262272638371
1077,000776.XSHE,43.0775,2.7705,88286232186.0,0.8188,2.029,130503179566.0,0.22,1790082283.46,956064499.45,2012-06-29,-0.0712349363282229
1078,000783.XSHE,76.829,1.8475,21578227935.0,0.6072,1.5434,38772737550.1,0.08,582228760.97,346943430.46,2012-06-29,-0.03382616487455195
1079,000792.XSHE,24.1852,3.7827,53711495785.0,1.7903,3.5337,66137778659.5,0.3097,1545124637.18,909196276.08,2012-06-29,-0.022799352898703173
1080,000826.XSHE,35.6118,6.7613,11406911314.0,1.7622,4.1134,11041480553.5,0.162,327418692.14,249903932.08,2012-06-29,0.00043328957324201457
1081,000839.XSHE,68.5265,1.8002,10536493236.0,0.4067,0.7715,17670912769.0,0.0287,375544419.07,419290287.02,2012-06-29,-0.025310467179183928
1082,000858.XSHE,17.4505,4.7583,124355869747.0,8.359,12.3853,133600655755.0,0.804,8230651472.62,4041835235.48,2012-06-29,0.06837741614454115
1083,000876.XSHE,9.6994,2.5658,26030290758.0,3.2648,5.636,37881687825.1,0.32,17265953728.4,16914160872.4,2012-06-29,0.051423067362664734
1084,000895.XSHE,29.8143,9.6885,37498964412.0,1.8475,2.9072,43812437752.0,0.3114,9168300010.71,8498975099.36,2012-06-29,0.004847525536071926
1085,000938.XSHE,51.555,3.1293,2524480000.0,0.615,1.4655,3628361589.11,0.057,1193735186.54,1181592358.65,2012-06-29,-0.09714017351756188
1086,000959.XSHE,-49.4993,1.1361,8454599262.0,-1.2406,-2.0055,16735451669.6,-0.0508,2921555123.68,3134268299.29,2012-06-29,0.0561256765305405
1087,000961.XSHE,16.6137,2.6103,14551276756.0,0.4103,2.5597,39181375073.0,0.12,1859377321.07,1657721653.57,2012-06-29,-0.12681574724381556
1088,000963.XSHE,31.7822,7.9423,13108611728.0,2.4936,7.6511,15596587280.3,0.2802,3516113015.35,3320590041.14,2012-06-29,0.035101805094832635
1089,000983.XSHE,17.4307,3.2077,49158720000.0,2.7987,6.9486,67051604657.7,0.3227,8062315775.3,6560129572.5,2012-06-29,-0.07435374061777368
1090,002007.XSHE,38.5569,5.671,14163113984.0,5.3435,5.3606,13366875859.7,0.2263,274065826.4,101893074.96,2012-06-29,-0.004331649184469245
1091,002008.XSHE,11.6041,2.2007,6558810648.0,0.9845,1.9073,10083073849.0,0.0528,695363271.22,649905320.68,2012-06-29,-0.08599311520336897
1092,002024.XSHE,12.6266,2.5237,58698217556.0,1.5613,4.1724,100641404694.0,0.14,22641020000.0,21434154000.0,2012-06-29,-0.23598985514314985
1093,002027.XSHE,-18.7761,2.0411,1215387166.0,-1.0443,-1.483,1480428415.51,-0.0294,250510817.47,259600881.06,2012-06-29,-0.12687160940325498
1094,002044.XSHE,32.6403,5.0564,1942005000.0,0.8191,1.4069,2226046108.77,0.024,129105048.27,121756199.13,2012-06-29,-0.12817837660595574
1095,002065.XSHE,26.6413,5.0227,11782516800.0,2.755,3.9581,11918240617.5,0.172,574021056.45,509495149.04,2012-06-29,-0.05502591180209247
1096,002074.XSHE,42.06,3.7418,1654493040.0,1.4371,2.6485,2041095553.88,0.05,101610507.91,90931567.53,2012-06-29,-0.09508759255914746
1097,002081.XSHE,36.1586,8.9182,29540081850.0,2.714,6.2371,23770489229.5,0.3866,2370403455.25,2129798446.77,2012-06-29,0.019738125993179062
1098,002142.XSHE,8.2888,1.4591,28780528879.0,0.39299999999999996,5.377999999999999,271041489251.0,0.36,2402595000.0,1099491000.0,2012-06-29,0.018037192691329456
1099,002146.XSHE,12.8027,3.1868,20314112000.0,0.7752,3.5754,39969396456.8,0.12,1813826111.29,1514856411.41,2012-06-29,-0.0614772587458474
1100,002153.XSHE,29.3671,6.9936,7928928000.0,3.1709,3.5843,8669450876.3,0.13,142364325.06,109214196.76,2012-06-29,-0.04444234203337314
1101,002174.XSHE,753.1811,6.0878,1376802689.0,-0.6211,-1.2551,1437898893.48,-0.034,54331932.94,57443837.09,2012-06-29,-0.15241541062889755
1102,002230.XSHE,53.9898,6.145,7448882757.0,1.3195,1.6628,9300796154.83,0.08,130067692.66,110728228.52,2012-06-29,0.0025393400347350557
1103,002236.XSHE,42.2302,10.8842,17135536560.0,2.9129,4.3483,14067682047.0,0.24,498029565.17,443347074.46,2012-06-29,0.12637955356401956
1104,002241.XSHE,53.0173,6.8446,30944130587.0,1.7628,3.4728,22890086830.1,0.15,979952086.76,839878314.62,2012-06-29,-0.06303664288305726
1105,002252.XSHE,33.1821,7.0671,6614496000.0,2.1294,2.3035,6998424982.57,0.078,71543015.96,48150081.75,2012-06-29,-0.08959957000806239
1106,002292.XSHE,66.9457,6.0711,8577024000.0,2.1215,2.3791,9404605437.13,0.08,267810140.57,228023252.72,2012-06-29,-0.05730795968022241
1107,002294.XSHE,27.6499,5.2108,11767680000.0,4.9884,5.7403,10290819245.7,0.35,414950938.75,268881214.84,2012-06-29,-0.08481225844763972
1108,002304.XSHE,28.7096,12.0068,145314000000.0,11.2245,20.1158,138888544032.0,2.46,5961705523.68,3032872053.3,2012-06-29,0.052396725562488235
1109,002310.XSHE,41.3466,9.5184,17692334588.0,-0.782,-1.6309,15253089344.9,-0.2,251920926.31,276868648.65,2012-06-29,-0.04787048181076993
1110,002352.XSHE,36.922,2.2006,1607983915.0,1.2182,1.6780000000000002,1810110276.68,0.16,181164418.37,170834262.05,2012-06-29,-0.04888378659302815
1111,002385.XSHE,27.5973,4.2415,15551040000.0,4.1034,5.0057,14816889232.1,0.45,2102886613.18,1883406244.28,2012-06-29,0.044841107556111495
1112,002411.XSHE,44.542,3.5706,2832840000.0,1.8145,2.496,2723191041.85,0.08,248326413.49,226432967.52,2012-06-29,-0.025414834066373373
1113,002415.XSHE,34.6988,7.5999,54400000000.0,4.2396,4.9761,43265127029.0,0.35,1292678630.79,936229586.55,2012-06-29,-0.008092485549132887
1114,002424.XSHE,36.3825,3.9847,7860384000.0,1.9749,2.9872,7622925474.61,0.12,293591819.29,220411047.28,2012-06-29,-0.017714068729827257
1115,002426.XSHE,45.8932,1.9892,2642706000.0,1.0742,1.4803,3371324193.94,0.0485,376287714.53,351709125.1,2012-06-29,-0.05001555693839454
1116,002450.XSHE,61.8629,9.2579,9858154200.0,2.2171,4.2567,8934809246.08,0.0861,407522741.93,345793834.15,2012-06-29,0.11878579610538376
1117,002456.XSHE,160.7336,5.7394,5702400000.0,0.8529,2.097,5733836604.51,0.11,363020414.35,339905413.88,2012-06-29,0.01144321093082823
1118,002460.XSHE,65.0401,5.1963,3852000000.0,1.9973,2.3468,3503091110.42,0.115,144125080.29,124929555.69,2012-06-29,-0.0926740916096027
1119,002465.XSHE,32.0346,1.7516,7514647126.0,0.2542,0.3474,8382965375.25,0.04,212327536.44,206187488.56,2012-06-29,-0.018143483326860096
1120,002466.XSHE,117.6549,4.6868,4651080000.0,0.7308,0.8244,4333963821.27,0.06,82702389.92,74496802.15,2012-06-29,-0.09070748593682386
1121,002468.XSHE,221.4987,2.546,1935360000.0,0.0584,0.1392,2333032620.84,0.0046,247213484.53,245821950.59,2012-06-29,0.12143473012588366
1122,002470.XSHE,19.0307,2.9425,9268000000.0,2.9529,5.4186,12073446505.5,0.24,2214524463.41,2015681524.97,2012-06-29,0.08005525382224606
1123,002475.XSHE,40.9893,5.6794,10785159000.0,1.402,1.7654,8930860101.36,0.13,592599447.08,539293199.6,2012-06-29,-0.04569402966955586
1124,002500.XSHE,92.6891,3.2478,19774352000.0,0.4168,0.8942,22061679213.0,0.02,251344613.0,180104697.0,2012-06-29,0.0
1125,002508.XSHE,22.8997,2.9171,4528640000.0,2.1714,2.7689999999999997,4763738915.28,0.17,354508426.15,310623014.84,2012-06-29,-0.04692299313800236
1126,002555.XSHE,47.7841,1.7996,1382880000.0,0.3859,0.4202,1444090552.24,0.024,82715424.03,78883280.61,2012-06-29,-0.045521452325137726
1127,002558.XSHE,29.4759,2.3241,1348270000.0,-1.6469,-1.6938,1415646518.43,-0.17,40902349.66,51859838.68,2012-06-29,-0.0277998692186698
1128,002572.XSHE,31.1524,3.0143,4151600000.0,0.9173,1.0094,4158755255.63,0.13,140682942.92,123956491.97,2012-06-29,-0.046404928885101865
1129,002601.XSHE,20.1999,3.4681,7341400000.0,3.5956,4.8416,8991137672.75,1.06,669412182.1,551912237.84,2012-06-29,-0.2812614124265904
1130,002602.XSHE,17.5359,1.4444,2270625000.0,1.6765,1.8521,2622316593.34,0.1648,228839761.06,194685061.22,2012-06-29,-0.2092433789738002
1131,002608.XSHE,14.4018,1.3421,2665110000.0,0.132,0.3703,6818935102.12,0.05,565234185.78,559538599.53,2012-06-29,-0.12933785687588056
1132,002624.XSHE,30.9716,3.3351,1658000000.0,1.6138,2.2188,1542314026.58,0.11,80621753.63,72775394.49,2012-06-29,-0.2762403299411865
1133,002673.XSHE,251.86700000000002,6.2165,20160000000.0,0.5717,1.7808,6715717672.75,0.06,209165829.95,131649025.25,2012-06-29,-0.18690060869692152
1134,300003.XSHE,22.4934,4.5604,10726520000.0,5.7318,6.204,10774446951.8,0.1793,289918261.67,123649664.87,2012-06-29,-0.1491426063512963
1135,300015.XSHE,48.9267,6.3137,8958384000.0,2.7445,3.4158,8831395531.19,0.11,354554855.84,288058012.37,2012-06-29,-0.0391071575652747
1136,300017.XSHE,39.6078,3.161,2513692862.0,1.7344,1.8429,2475536562.35,0.09,163494229.08,147468884.6,2012-06-29,0.0362169725903365
1137,300024.XSHE,39.3671,5.4134,6569356200.0,1.7106,2.2038,5427647562.76,0.09,230418005.78,197028550.56,2012-06-29,0.0149540554868352
1138,300027.XSHE,49.0989,5.5791,9573984000.0,0.9916,1.6893,9534879793.22,0.05,235875166.41,204571828.68,2012-06-29,-0.011361582358561221
1139,300033.XSHE,44.7852,2.0922,2362752000.0,0.9061,1.0008,2257611390.12,0.08,50917741.85,40270708.33,2012-06-29,0.074508583331338
1140,300059.XSHE,35.9928,2.2947,3958080000.0,1.3206,1.4101,4273739899.61,0.07,67819977.95,46158073.31,2012-06-29,-0.09512674211953973
1141,300070.XSHE,47.2435,5.0112,16438422000.0,0.3218,0.297,13277430331.9,0.03,167737370.16,145714288.13,2012-06-29,-0.02205882352941175
1142,300072.XSHE,40.9947,3.5142,4026978000.0,0.2171,0.3688,4316985020.27,0.022000000000000002,179467591.78,172145159.2,2012-06-29,0.01933118542384181
1143,300122.XSHE,50.4674,4.4464,10200000000.0,1.4628,1.5792,8818845292.01,0.09,138570988.44,98059519.84,2012-06-29,0.0105878407512097
1144,300124.XSHE,27.0258,3.4582,8864640000.0,2.1729,2.3480000000000003,10214400925.8,0.28,213819647.39,165364417.05,2012-06-29,-0.2100799155609168
1145,300136.XSHE,30.8853,3.1424,2146774000.0,1.1802,1.2451,2448544890.89,0.0634,28700242.35,19390460.39,2012-06-29,-0.26025375039897863
1146,300144.XSHE,33.6569,2.8999,7961184000.0,1.339,1.501,8168247213.63,0.11,70873420.76,43040180.91,2012-06-29,-0.02018449487227934
1147,300251.XSHE,31.0055,3.1122,5627740800.0,1.0464,1.0963,6545244504.65,0.18,108637390.05,90958959.2,2012-06-29,-0.05313083888276721
1148,300315.XSHE,57.3758,14.5435,3413947600.0,4.4939,4.7449,8380464.43,0.09,41603138.04,28919452.75,2012-06-29,-0.09351044531570027
1149,600000.XSHG,5.2076,0.9663,151652722604.0,0.289,5.1603,2799225557740.0,0.423,19909000000.0,9603000000.0,2012-06-29,-0.05781025707947289
1150,600008.XSHG,21.5647,1.9736,10758000000.0,0.4233,1.0089,21677701668.3,0.0249,607409189.34,529350839.54,2012-06-29,-0.0879609062638827
1151,600009.XSHG,16.2683,1.5609,24549450628.0,2.0705,2.3665,27825488226.7,0.19,1101307848.65,760376430.4,2012-06-29,-0.01569936392834973
1152,600010.XSHG,77.0867,2.4295,31347381056.0,0.0206,0.0835,79776896360.3,0.0017,9165617342.09,8919140440.55,2012-06-29,0.024624277456647383
1153,600015.XSHG,6.5751,0.9784,64866903099.0,0.1885,3.612,1249637240420.0,0.34,9036740503.56,5879703311.15,2012-06-29,-0.07074943405218644
1154,600018.XSHG,13.8336,1.3083,60528777869.0,1.3895,2.0146,92777221738.6,0.0405,5976282242.2,4589726392.39,2012-06-29,-0.02094360284723492
1155,600019.XSHG,13.722000000000001,0.7021,75652047740.0,0.5347,1.14,210322921373.0,0.07,47419467218.9,46461271812.8,2012-06-29,-0.027772702357025468
1156,600021.XSHG,23.6893,1.8905,11768565914.0,0.7751,2.8484,32325290666.6,0.0806,4042144531.97,3958971520.26,2012-06-29,-0.10087308036923584
1157,600031.XSHG,12.0253,4.7049,105704389427.0,5.1604,13.3127,130416769526.0,0.369,14677802000.0,11382118000.0,2012-06-29,-0.14439086453882885
1158,600038.XSHG,49.7047,3.7095,5630371500.0,0.3834,0.8241,7812458142.48,0.0369,262974959.08,245346755.47,2012-06-29,-0.1330133062794998
1159,600048.XSHG,12.7153,2.2614,80944856394.0,0.336,1.5103,233097814953.0,0.09,4919743750.55,3929666459.69,2012-06-29,0.005294810779377812
1160,600050.XSHG,46.4189,1.1065,78851338589.0,0.2176,0.4707,328606829149.0,0.0158,62984181231.0,61725116598.0,2012-06-29,-0.034470911589555675
1161,600061.XSHG,-181.8766,3.6875,2102506406.0,-1.0279,-2.5613,3528098596.67,-0.03,582738764.15,596540538.68,2012-06-29,-0.12857202193055314
1162,600066.XSHG,12.2109,2.6212,15130416851.0,2.5526,5.3014,21325967847.2,0.36,3969350239.14,3707524481.45,2012-06-29,0.015145054331044384
1163,600068.XSHG,14.642999999999999,1.9485,22773107120.0,0.6982,3.7066,79342061520.6,0.121,11668606214.3,11196401912.3,2012-06-29,-0.13171168379555515
1164,600074.XSHG,-38.613,5.7699,1950660360.0,-1.8624,-11.8176,4314258590.69,-0.064,421138059.53,471941590.42,2012-06-29,-0.010151118460337151
1165,600085.XSHG,48.2373,6.2598,22721046378.0,3.1154,4.2821,20680431306.5,0.11699999999999999,2296556030.78,2016539174.47,2012-06-29,-0.0029143436391282987
1166,600089.XSHG,15.6796,1.3538,17842740117.0,0.8370000000000001,2.195,40531638749.7,0.1084,4238507870.55,4010992055.68,2012-06-29,-0.04726337484806313
1167,600100.XSHG,24.2424,1.9476,16736443329.0,0.2216,0.5208,38708578494.9,0.0224,4020143891.47,4072174962.04,2012-06-29,-0.08669569910016182
1168,600104.XSHG,7.6533,1.4485,157555347128.0,2.9431,5.3119,340428836843.0,0.509,123966662318.0,116201620529.0,2012-06-29,-0.08334529723107559
1169,600109.XSHG,97.1538,4.3467,14393484164.0,0.7593,2.1984,17597025781.8,0.07200000000000001,337107295.73,238574384.7,2012-06-29,-0.1994460227272727
1170,600111.XSHG,22.7475,13.9695,95573856240.0,9.3976,19.3497,88271681526.4,0.997,3570219450.38,1612091166.01,2012-06-29,-0.09908951717528247
1171,600118.XSHG,48.68899999999999,5.619,11539978565.0,0.8497,1.8134,14547426192.2,0.05,670142734.29,622279584.86,2012-06-29,-0.13582491646596287
1172,600153.XSHG,7.5831,1.8966,16022295306.0,0.8557,4.5964,62581428642.6,0.17,18628905312.2,17952728159.5,2012-06-29,-0.10400093981807806
1173,600157.XSHG,42.0985,2.0485,16049440532.0,0.8003,2.6635,27294861313.9,0.2112,970204019.74,720243027.83,2012-06-29,0.0
1174,600170.XSHG,11.4716,1.5594,16697859872.0,0.4611,2.7714,66841588224.1,0.25,20365345445.1,20011942583.6,2012-06-29,-0.14679871027176405
1175,600177.XSHG,11.6034,1.4707,18903933291.0,0.599,2.055,57676369219.8,0.115,2054471429.54,1879530964.57,2012-06-29,0.014129290376921443
1176,600196.XSHG,15.7281,1.9664,19634285273.0,1.9348,3.3935,26421983330.8,0.18,1646238552.83,1584756759.33,2012-06-29,0.06208083441981749
1177,600208.XSHG,19.180999999999997,2.5668,25650255953.0,0.5526,2.0487,49141417362.3,0.033,964049103.43,1040132389.08,2012-06-29,-0.1404429650492894
1178,600219.XSHG,13.0632,0.8265,12958835117.0,1.0168,1.2232,18002541169.9,0.1,3402749050.88,3151651601.63,2012-06-29,-0.016412089697757554
1179,600221.XSHG,7.9459,1.4183,20132395568.0,0.2167,1.2249,82492049502.0,0.04,7062034000.0,6865138000.0,2012-06-29,-0.11679615401124607
1180,600233.XSHG,15.669,1.9508,1852950000.0,1.7132,1.6469999999999998,1735184973.44,0.094,206917214.04,172420297.49,2012-06-29,-0.028690603686376243
1181,600271.XSHG,17.0894,3.4742,17461494000.0,4.3123,4.8588,18513271273.5,0.26,2915919080.7,2550838337.42,2012-06-29,-0.14542576838479185
1182,600276.XSHG,38.4139,7.8354,35501773140.0,6.2829999999999995,6.8975,29961133469.7,0.2686,1339998690.81,966945012.92,2012-06-29,-0.0020905978950391656
1183,600297.XSHG,1036.0625,2.5065,2093000000.0,0.1716,0.4193,2606274860.86,0.0098,234036051.38,234961808.3,2012-06-29,-0.12711607713795306
1184,600309.XSHG,15.8988,3.7392,28867168512.0,3.1341,5.8959,37559499515.5,0.2,3281137342.63,2622401638.28,2012-06-29,-0.018727224716134028
1185,600340.XSHG,10.9176,6.0059,15953929363.0,0.0139,0.5588,38310513150.0,0.03,778096872.97,770989818.52,2012-06-29,-0.04147219154166817
1186,600352.XSHG,13.5227,1.1876,8414023279.0,0.5812,1.4802,16981042066.2,0.0697,2231967559.31,2136443022.09,2012-06-29,-0.09075700543705567
1187,600369.XSHG,209.2053,2.6084,26268092096.0,0.9069,1.6069,27184750682.6,0.07,353087496.91,142827131.24,2012-06-29,-0.12909426564908744
1188,600372.XSHG,56.5989,6.6074,23651783296.0,1.2968,2.4922,22940717689.7,0.1071,871137897.04,769998615.21,2012-06-29,-0.058364820323177136
1189,600373.XSHG,16.3639,2.0458,8145638458.0,2.0356,4.1281,12816204175.6,0.28,2401087589.62,2287018472.11,2012-06-29,0.0299503414028554
1190,600376.XSHG,11.3308,1.6523,19789497000.0,-0.0223,-0.045,65300748642.8,-0.0036,708776144.79,775209405.24,2012-06-29,-0.1601211628486382
1191,600383.XSHG,9.6218,1.3904,28975375547.0,0.2127,0.7542,92493826149.4,0.03,1743229276.88,1485877638.51,2012-06-29,-0.10956493921944982
1192,600390.XSHG,-27.146,3.9878,2192685000.0,0.7631,1.9701,2789440645.03,0.067,196027470.48,195986125.22,2012-06-29,-0.09708029197080292
1193,600406.XSHG,33.975,9.8158,29446810584.0,1.1155,2.3155,36416553167.2,0.07,772541621.7,727931330.93,2012-06-29,-0.1460684890070526
1194,600415.XSHG,32.6582,2.6461,21228535286.0,1.1698,2.6766,29642086636.4,0.08,755214353.52,486293040.8,2012-06-29,-0.08845777100565955
1195,600436.XSHG,44.1169,9.9297,12304600000.0,5.0915,7.4887,10256644692.2,0.64,264011555.68,156957357.45,2012-06-29,0.1193547598680191
1196,600482.XSHG,53.8649,3.2761,3932330000.0,0.5898,1.5879,5941132982.5,0.04,1166144978.95,1144013580.12,2012-06-29,-0.15240138557610478
1197,600485.XSHG,453.087,2.5611,1219556800.0,-2.0981,-2.952,1449712187.25,-0.10300000000000001,32199862.62,49022503.75,2012-06-29,-0.16136115409119872
1198,600489.XSHG,21.8918,4.7859,42225522467.0,2.8198,4.6944,47042907876.8,0.21,6438710318.35,5730826275.79,2012-06-29,0.001853497135504461
1199,600498.XSHG,24.8393,2.9523,11740252400.0,0.9118,2.3115,17217620696.2,0.21,1429432052.89,1425590552.38,2012-06-29,-0.12372740494494075
1200,600518.XSHG,28.9709,3.5126,33904177328.0,2.5774,4.2814,34397359665.4,0.184,2551434522.45,2087876882.49,2012-06-29,-0.029190362372592583
1201,600519.XSHG,25.2103,8.8797,248280747000.0,8.7773,11.2148,211355473106.0,2.86,6015967741.62,1843049067.42,2012-06-29,0.046656098981680334
1202,600522.XSHG,16.9048,1.3880000000000001,6009421022.0,1.1703,1.7577,9220061057.76,0.195,1234640715.37,1144572787.57,2012-06-29,-0.09380350223770764
1203,600535.XSHG,37.7343,6.0187,22577940416.0,2.1696,4.0151,20927178640.8,0.2859,2128841318.42,1966361342.09,2012-06-29,0.049862649195516806
1204,600547.XSHG,22.5094,7.4363,46733697879.0,4.8732,10.3158,51728592692.9,0.43,12899659038.7,12109277230.5,2012-06-29,0.020097197240570974
1205,600549.XSHG,29.1692,8.4224,29945741800.0,1.3185,3.0968,34412566463.1,0.1588,1845683662.4,1629995758.71,2012-06-29,-0.1958356276255468
1206,600570.XSHG,34.8099,6.9257,8557855488.0,1.9521,2.6336,7851355946.51,0.05,142264798.16,135482139.71,2012-06-29,-0.06705072215349309
1207,600583.XSHG,53.9278,2.4897,23686689600.0,0.2721,0.5169,29685386909.9,0.01,1303247330.09,1238728448.04,2012-06-29,-0.039410536832527585
1208,600588.XSHG,28.0599,5.1087,14940822450.0,-0.7806,-1.4185,16737280753.3,-0.051,485376677.0,619561543.0,2012-06-29,-0.10747209849356894
1209,600606.XSHG,20.0514,1.8363,3889868858.0,0.2881,0.7433,5517202698.02,0.032,115805121.9,112619224.86,2012-06-29,-0.15509501613481538
1210,600637.XSHG,38.3889,5.4009,14589942583.0,3.4846,4.2493,16493778638.0,0.1,346258899.74,230902547.84,2012-06-29,0.07786098612378456
1211,600649.XSHG,10.1529,1.2525,16592246001.0,3.6814,7.882999999999999,27325120304.7,0.44,619725068.28,577880452.18,2012-06-29,-0.06066513314359241
1212,600660.XSHG,10.7286,2.3792,15663353116.0,2.8843,5.4936,21454762596.3,0.18,2257348904.0,1832836478.0,2012-06-29,-0.05243133797067378
1213,600663.XSHG,21.0494,2.0859,22916482680.0,0.6085,1.3967,32868480191.4,0.0817,552342611.8,360453596.16,2012-06-29,-0.08557552664865625
1214,600674.XSHG,48.0342,1.6783,13650829005.0,0.2169,0.1683,19141923365.6,0.0122,301381443.7,208269997.95,2012-06-29,-0.10693723454459653
1215,600682.XSHG,17.5687,2.2479,2920321733.0,3.6007,9.965,5092026175.57,0.34,768060956.59,723957344.88,2012-06-29,0.0049171646871926395
1216,600690.XSHG,11.5535,3.5136,31469694769.0,2.1554,7.1778,53503357857.4,0.231,18688577124.1,17847172945.7,2012-06-29,-0.04607861936720988
1217,600703.XSHG,20.2985,3.6184,19653027491.0,2.0803,3.5509,20244483103.0,0.14,510363394.92,391521797.54,2012-06-29,-0.04188113312349556
1218,600704.XSHG,12.8025,1.6540000000000001,5869579328.0,1.0948,5.2072,25681020001.5,0.2727,9153023903.26,8791542822.28,2012-06-29,-0.19261774693636494
1219,600739.XSHG,9.4544,2.1464,21289473130.0,2.0211,2.4765,26270310250.8,0.18,2422708225.08,2231474376.26,2012-06-29,-0.06025471546026118
1220,600741.XSHG,7.6866,1.3277,23171305570.0,3.3338,4.7342,43624947114.0,0.312,14085715564.3,12893815095.9,2012-06-29,-0.010028416144784304
1221,600795.XSHG,12.1097,1.5021,41566179769.0,0.2112,1.0661,190490708000.0,0.019,12857986039.3,12664736298.8,2012-06-29,-0.029650819597693383
1222,600804.XSHG,47.9091,2.2113,7950764113.0,0.8694,1.7254,12357460826.0,0.05,565191869.71,521793468.8,2012-06-29,-0.00842559710326579
1223,600816.XSHG,34.571,13.7281,7547304510.0,5.6912,9.9392,6983452998.03,0.1204,83134989.17,22323302.48,2012-06-29,-0.03011337219698868
1224,600820.XSHG,10.2366,2.3698,11558068055.0,0.3156,0.9623,22116762484.2,0.1,2549681908.93,2672793581.5,2012-06-29,-0.1426785669641741
1225,600827.XSHG,15.6365,1.6648,19481426955.0,1.5513,3.8543,41647511209.8,0.25,14549167451.1,13874579178.5,2012-06-29,-0.1383351479758488
1226,600837.XSHG,31.1093,2.0058,92300864963.0,1.0595,2.2975,133216881784.0,0.13,2426157382.87,995711024.92,2012-06-29,-0.0062310638541129715
1227,600886.XSHG,58.8388,1.3378,15266620126.0,-0.0622,-0.5603,115402032417.0,-0.0279,5763218031.3,5777896338.51,2012-06-29,-0.011542981867024791
1228,600887.XSHG,15.8553,5.1165,32900124390.0,2.1498,6.5963,46688132249.9,0.26,10257911192.5,9796665340.78,2012-06-29,-0.08649789029535868
1229,600893.XSHG,53.0057,3.5074,14175347800.0,0.5219,1.1546,19752194049.5,0.04,1158524709.32,1104269298.21,2012-06-29,-0.1445057662566043
1230,600895.XSHG,27.4581,2.1036,13272269444.0,0.28600000000000003,0.7589,22456799108.3,0.03,311710318.0,293340428.51,2012-06-29,-0.10745240480961922
1231,600900.XSHG,15.0285,1.6254,112200000000.0,0.2635,0.6029,192759038994.0,0.0251,3378420338.23,3355985197.84,2012-06-29,0.005284287181402254
1232,600999.XSHG,30.8947,2.2034,54115369015.0,0.7475,2.1517,100557773254.0,0.1153,1250986560.19,582935562.64,2012-06-29,-0.06545559678118824
1233,601006.XSHG,8.9337,1.5777,104513544182.0,3.6061,5.2949,137599902247.0,0.23,11190000000.0,7210240627.0,2012-06-29,-0.10509747179477144
1234,601009.XSHG,7.3101,1.1191,25295310813.0,0.3533,4.6667,309841573304.0,0.35,2243664537.4,966257999.57,2012-06-29,-0.03285785252998368
1235,601012.XSHG,27.2431,1.581,4733625960.0,0.3002,0.557,2123461305.97,0.06,473394507.46,469216911.74,2012-06-29,-0.2810149398592673
1236,601018.XSHG,11.8124,1.2466,32384000000.0,2.3744,3.1272,38654335000.0,0.06,1735781000.0,1180573000.0,2012-06-29,0.014599202031193331
1237,601099.XSHG,128.5945,4.8655,10372862108.0,0.3172,0.77,13315362572.8,0.011000000000000001,117588402.39,95597271.09,2012-06-29,-0.0497094101644615
1238,601117.XSHG,11.5277,1.8185,28463410000.0,0.9144,2.707,59164148213.5,0.08,9731599427.76,9226101636.95,2012-06-29,0.022088579136690583
1239,601118.XSHG,40.1164,2.9397,27007148892.0,0.9353,1.1065,27843058985.1,0.0257,1820394461.7,1709541809.62,2012-06-29,-0.09720170136556973
1240,601166.XSHG,4.9001,1.1339,140007616519.0,0.3304,6.9308,2635764996300.0,0.77,19232000000.0,8272000000.0,2012-06-29,-0.03852894578186559
1241,601169.XSHG,7.3124,1.0937,71647965575.0,0.3445,5.8187,1005911409890.0,0.46,6302155000.0,2008676000.0,2012-06-29,-0.05243524563039624
1242,601216.XSHG,17.2954,1.7565,8921600000.0,0.9826,1.4061,12462039623.6,0.1108,827855109.41,717824914.59,2012-06-29,-0.10332631578947372
1243,601377.XSHG,58.828,2.7803,23056000000.0,0.8405,1.9675,34349107643.4,0.08,665592370.19,418762187.2,2012-06-29,-0.060112684504809576
1244,601555.XSHG,92.7736,2.3812,17680000000.0,0.38799999999999996,0.8239,23704200365.4,0.03,320529947.63,235991221.73,2012-06-29,-0.0690018688006133
1245,601668.XSHG,7.1569,1.0929,100200000000.0,0.7253,2.8237,467040037000.0,0.09,105476298000.0,101416804000.0,2012-06-29,-0.0658583728694429
1246,601669.XSHG,11.4398,1.4979,41952000000.0,0.4454,2.6094,174138584900.0,0.0751,24200005946.4,23319338830.8,2012-06-29,-0.1940031562335613
1247,601688.XSHG,37.4294,1.9293,58800000000.0,0.5604,1.4358,104192971838.0,0.09,1574431733.53,943954487.43,2012-06-29,-0.10667525446635984
1248,601718.XSHG,18.9805,1.2798,12188120000.0,1.4056,2.2728,18723439946.3,0.0555,6596203973.24,6351597744.91,2012-06-29,-0.007821080307518321
1249,601788.XSHG,34.0558,2.0764,45015060000.0,0.7373,1.5641,68819921006.2,0.0996,969374473.1,528355269.81,2012-06-29,0.021259575293319084
1250,601818.XSHG,5.723,1.1159,114834803600.0,0.3662,6.8882,2020071178500.0,0.17,15095000000.0,5886000000.0,2012-06-29,-0.02111710785573551
1251,601872.XSHG,122.6956,1.1238,13819425659.0,0.278,0.4818,20452841358.0,0.02,814719705.0,784805534.0,2012-06-29,-0.15836911394201764
1252,601877.XSHG,16.6468,3.1924,15336300000.0,2.4251,4.0678,18482419229.3,0.2,2070270399.47,1777865555.49,2012-06-29,-0.02489833265555098
1253,601888.XSHG,27.4948,4.9485,24833600000.0,4.6813,6.906000000000001,24608740256.7,0.3806,3322266802.89,2852938866.9,2012-06-29,-0.002128523722133621
1254,601901.XSHG,162.5738,2.1747,30988000000.0,0.4968,0.9672,38543731632.7,0.02,566332691.23,310058831.37,2012-06-29,-0.12008738000280572
1255,601933.XSHG,48.4232,4.9704,20810090000.0,1.2296,2.8651,28341860324.8,0.15,6223550539.3,6076463561.62,2012-06-29,-0.24759508186277646
1256,601958.XSHG,56.0384,2.9923,40881077748.0,1.1327,1.2242,42240343839.6,0.05,2178530268.71,1968550883.1,2012-06-29,-0.060772319949578636
1257,601989.XSHG,16.4275,1.9233,76125396714.0,0.5819,2.5184,217354168034.0,0.0702,12324348198.6,11164620017.0,2012-06-29,-0.10790868808355764
1258,000001.XSHE,6.285,0.9692,77362591282.0,0.2662,4.5681,1362400654040.0,0.67,9724000000.0,5259000000.0,2012-07-31,-0.06026930087610985
1259,000002.XSHE,9.7844,1.8419,101485790312.0,0.5046,2.6013,328969431824.0,0.13,10345911610.9,8423986177.68,2012-07-31,-0.13108372026850493
1260,000008.XSHE,20.5633,9.5661,707070797.0,-0.0087,-0.0098,693937105.83,-0.0004,76256120.94,68221065.09,2012-07-31,0.17188492603684524
1261,000060.XSHE,21.2964,3.1371,17225556348.0,0.8728,1.6858,24875765955.4,0.044000000000000004,3464581124.76,3241866389.91,2012-07-31,-0.09820131146740246
1262,000069.XSHE,14.376,2.6468,45010576124.0,0.4298,1.7706,84827703745.0,0.052000000000000005,2540542221.37,2191745944.51,2012-07-31,-0.1114724913554042
1263,000100.XSHE,20.7049,1.403,15681004843.0,0.0986,0.3386,69024498541.4,0.0045,14548964316.0,14572267212.0,2012-07-31,0.0
1264,000402.XSHE,10.8366,1.0758,20039268336.0,1.4142,4.6988,59676837142.3,0.29,2143808844.1,1752024563.45,2012-07-31,-0.13293791731780075
1265,000413.XSHE,62.3136,14.3177,3918090000.0,10.1986,7.8694,4385183408.94,0.0497,207764428.94,141028364.08,2012-07-31,0.0869944369267779
1266,000415.XSHE,14.9152,1.0827,7869368426.0,0.2444,0.6321,19013497778.4,0.052000000000000005,539120182.88,415134067.52,2012-07-31,-0.012907088919197687
1267,000423.XSHE,27.4695,6.1871,23969889331.0,7.6487,9.2807,26961281573.5,0.5094,713833075.46,341251362.78,2012-07-31,-0.048192627647067665
1268,000425.XSHE,9.3813,1.5849,25701966599.0,2.033,4.7752,49378157844.2,0.36,7988280362.53,7131769256.14,2012-07-31,-0.14205891890543534
1269,000503.XSHE,578.6623,4.2309,5177215895.0,0.0925,0.2633,5334106641.2,0.0036,32406083.18,47617942.9,2012-07-31,0.14062500000000008
1270,000538.XSHE,29.9707,6.6626,41100575557.0,3.077,5.0962,37990767461.5,0.42,2831893129.81,2494786921.45,2012-07-31,-0.01858075705220018
1271,000540.XSHE,14.3652,3.5956,8440161127.0,0.7816,6.4492,26528814004.7,0.1123,729185392.46,647302735.52,2012-07-31,-0.04242319192269363
1272,000559.XSHE,17.6807,1.9336,6866966004.0,1.1062,2.3051,13625359489.8,0.057999999999999996,1898862764.33,1782606701.11,2012-07-31,0.018573551263001677
1273,000568.XSHE,15.8842,7.6155,55651085345.0,10.5949,16.5287,58250244042.8,0.9279999999999999,3191989318.54,1408391052.71,2012-07-31,-0.10125659658463497
1274,000623.XSHE,7.3994,1.5488,14570402074.0,1.7929,2.0056,16213310550.2,0.27,314664239.12,267488371.07,2012-07-31,-0.10742557791451857
1275,000625.XSHE,47.761,1.5992,23780719151.0,0.3527,1.0043,41142232577.7,0.03,7544180418.0,7745001410.01,2012-07-31,-0.060779943060184125
1276,000627.XSHE,-27.5608,2.8563,4047233699.0,-2.0018,-2.8534,4533873670.03,-0.028999999999999998,253420602.65,268177323.73,2012-07-31,-0.04347972178354236
1277,000630.XSHE,20.1071,2.3821,24693308501.0,0.7848,2.8019,53351835201.3,0.2,16758406103.4,16429277208.3,2012-07-31,-0.04088152640141987
1278,000651.XSHE,11.0821,2.9458,65390994644.0,1.4019,5.922999999999999,122648966753.0,0.3902,20088107125.9,18740435287.4,2012-07-31,-0.05840927421781901
1279,000671.XSHE,15.2497,2.8015,4856210238.0,0.0328,0.5131,13821982244.5,0.02,481104534.88,467333190.89,2012-07-31,-0.02872091122131995
1280,000686.XSHE,-86.1656,3.1692,10107529803.0,0.3811,1.577,19553487689.1,0.0767,262302769.45,205234420.21,2012-07-31,-0.031622268572308494
1281,000709.XSHE,34.884,0.6427,27502193081.0,0.2491,0.8379,131079553674.0,0.034,29144221367.7,28695308140.5,2012-07-31,-0.05021895464224017
1282,000723.XSHE,-632.0387,3.4516,1588638839.0,-1.1769,-2.0683,2531926324.53,-0.07,254488063.73,264512428.58,2012-07-31,-0.07206125693520657
1283,000725.XSHE,23.3679,0.9318,23121837403.0,-1.0529,-1.9525,54056359071.8,-0.037000000000000005,4147641280.0,4914498673.0,2012-07-31,0.04679890723363818
1284,000728.XSHE,49.4258,1.3992,20740896000.0,0.6843,1.0435,27498277833.5,0.08,430691730.56,241276959.93,2012-07-31,-0.015153342782183929
1285,000738.XSHE,39.6896,2.867,7335283429.0,0.4638,0.8675,11315586387.2,0.02,436894722.22,413178024.54,2012-07-31,0.07840313456847778
1286,000750.XSHE,262.2807,6.9527,18206227972.0,0.6369,2.3975,21039695598.5,0.09,351450909.28,253861657.53,2012-07-31,-0.07382057759268097
1287,000768.XSHE,42.2646,1.8989,17962733690.0,-0.016,0.08800000000000001,30066613942.8,0.0037,2392741195.3,2471175243.17,2012-07-31,-0.0303389663010179
1288,000776.XSHE,36.8052,2.5842,80620749740.0,0.8188,2.029,130503179566.0,0.22,1790082283.46,956064499.45,2012-07-31,-0.24008666503147744
1289,000783.XSHE,48.4696,1.7444,20606022061.0,0.6072,1.5434,38772737550.1,0.08,582228760.97,346943430.46,2012-07-31,-0.10013653811474356
1290,000792.XSHE,24.3837,3.5523,52486803699.0,1.7903,3.5337,66137778659.5,0.3097,1545124637.18,909196276.08,2012-07-31,-0.07030252580284613
1291,000826.XSHE,32.6163,6.5046,11411892498.0,1.7622,4.1134,11041480553.5,0.162,327418692.14,249903932.08,2012-07-31,0.019644727145793774
1292,000839.XSHE,66.4887,1.791,10269945044.0,0.4067,0.7715,17670912769.0,0.0287,375544419.07,419290287.02,2012-07-31,-0.04416939691784976
1293,000858.XSHE,16.9438,5.0657,132858835200.0,8.359,12.3853,133600655755.0,0.804,8230651472.62,4041835235.48,2012-07-31,-0.06942945700838014
1294,000876.XSHE,10.7138,2.4916,27090269220.0,3.2648,5.636,37881687825.1,0.32,17265953728.4,16914160872.4,2012-07-31,-0.1289340701557375
1295,000895.XSHE,41.1382,18.2286,68415983948.0,1.8475,2.9072,43812437752.0,0.3114,9168300010.71,8498975099.36,2012-07-31,-0.09135100543946444
1296,000938.XSHE,46.6681,2.5528,2279244800.0,0.615,1.4655,3628361589.11,0.057,1193735186.54,1181592358.65,2012-07-31,0.05154178187824531
1297,000959.XSHE,-13.878,1.232,8929243432.0,-1.2406,-2.0055,16735451669.6,-0.0508,2921555123.68,3134268299.29,2012-07-31,-0.05647066653355968
1298,000961.XSHE,12.8704,2.153,12706090779.0,0.4103,2.5597,39181375073.0,0.12,1859377321.07,1657721653.57,2012-07-31,-0.10200964246503412
1299,000963.XSHE,30.726,7.6118,13568715319.0,2.4936,7.6511,15596587280.3,0.2802,3516113015.35,3320590041.14,2012-07-31,0.05694320648291159
1300,000983.XSHE,17.4511,2.907,45503328000.0,2.7987,6.9486,67051604657.7,0.3227,8062315775.3,6560129572.5,2012-07-31,-0.13227217853080536
1301,002007.XSHE,42.8504,5.5224,14036348928.0,5.3435,5.3606,13366875859.7,0.2263,274065826.4,101893074.96,2012-07-31,0.01969787853089818
1302,002008.XSHE,10.73,2.1356,5994836484.0,0.9845,1.9073,10083073849.0,0.0528,695363271.22,649905320.68,2012-07-31,0.3258007898200965
1303,002024.XSHE,11.5422,2.0571,47325306592.0,1.5613,4.1724,100641404694.0,0.14,22641020000.0,21434154000.0,2012-07-31,-0.06085416068179635
1304,002027.XSHE,-16.1331,1.7827,1061196257.0,-1.0443,-1.483,1480428415.51,-0.0294,250510817.47,259600881.06,2012-07-31,0.054096595145389705
1305,002044.XSHE,27.8265,4.6277,1693087500.0,0.8191,1.4069,2226046108.77,0.024,129105048.27,121756199.13,2012-07-31,0.08876124046910787
1306,002065.XSHE,23.2272,4.4254,11032575528.0,2.755,3.9581,11918240617.5,0.172,574021056.45,509495149.04,2012-07-31,0.100680342499418
1307,002074.XSHE,33.688,3.2988,1472068080.0,1.4371,2.6485,2041095553.88,0.05,101610507.91,90931567.53,2012-07-31,0.024109370322323125
1308,002081.XSHE,33.3111,8.8009,30123109781.0,2.714,6.2371,23770489229.5,0.3866,2370403455.25,2129798446.77,2012-07-31,-0.0712274338621927
1309,002142.XSHE,7.8,1.4383,29299616575.0,0.39299999999999996,5.377999999999999,271041489251.0,0.36,2402595000.0,1099491000.0,2012-07-31,-0.0570861607696532
1310,002146.XSHE,10.9003,2.7969,19148510931.0,0.7752,3.5754,39969396456.8,0.12,1813826111.29,1514856411.41,2012-07-31,-0.13489774514944947
1311,002153.XSHE,28.2344,6.6355,7576531200.0,3.1709,3.5843,8669450876.3,0.13,142364325.06,109214196.76,2012-07-31,-0.08201631167931091
1312,002174.XSHE,662.9844,5.051,1166964688.0,-0.6211,-1.2551,1437898893.48,-0.034,54331932.94,57443837.09,2012-07-31,-0.020592904028486868
1313,002230.XSHE,49.4782,6.1753,7467788551.0,1.3195,1.6628,9300796154.83,0.08,130067692.66,110728228.52,2012-07-31,0.45570035565704703
1314,002236.XSHE,40.6439,11.5927,19301200464.0,9.2036,14.243,18005529416.0,0.2,1296870812.88,1097639440.64,2012-07-31,0.09021659054073967
1315,002241.XSHE,43.7254,6.1427,28993692101.0,4.7856,9.2445,34126860620.0,0.22,2547890307.87,2163311697.78,2012-07-31,0.08359416174588327
1316,002252.XSHE,32.0729,7.1178,6022080000.0,2.1294,2.3035,6998424982.57,0.078,71543015.96,48150081.75,2012-07-31,0.014641634195300469
1317,002292.XSHE,59.4698,5.9418,8085504000.0,2.1215,2.3791,9404605437.13,0.08,267810140.57,228023252.72,2012-07-31,-0.01823600805026816
1318,002294.XSHE,23.3316,4.8492,10769606400.0,4.9884,5.7403,10290819245.7,0.35,414950938.75,268881214.84,2012-07-31,-0.11534002063632215
1319,002304.XSHE,28.4198,13.0547,152928000000.0,11.2245,20.1158,138888544032.0,2.46,5961705523.68,3032872053.3,2012-07-31,-0.13848901905358818
1320,002310.XSHE,32.2984,7.6405,16845537446.0,5.4578,11.9062,20295149670.1,0.4,1509265738.76,1186687232.92,2012-07-31,-0.003574729516663947
1321,002352.XSHE,34.9625,2.1611,1529374827.0,1.2182,1.6780000000000002,1810110276.68,0.16,181164418.37,170834262.05,2012-07-31,0.1348600508905853
1322,002385.XSHE,27.1842,4.4063,16248432000.0,4.1034,5.0057,14816889232.1,0.45,2102886613.18,1883406244.28,2012-07-31,-0.10162779453411007
1323,002411.XSHE,37.1916,3.4151,2760858000.0,1.8145,2.496,2723191041.85,0.08,248326413.49,226432967.52,2012-07-31,0.037847124285238135
1324,002415.XSHE,32.0483,7.5869,53960000000.0,4.2396,4.9761,43265127029.0,0.35,1292678630.79,936229586.55,2012-07-31,-0.03335126412049488
1325,002424.XSHE,35.665,3.7995,7634592000.0,1.9749,2.9872,7622925474.61,0.12,293591819.29,220411047.28,2012-07-31,0.14293445696503462
1326,002426.XSHE,39.813,1.9249,2510570700.0,1.0742,1.4803,3371324193.94,0.0485,376287714.53,351709125.1,2012-07-31,0.00957995578481949
1327,002450.XSHE,43.8268,3.9453,11029236000.0,2.2171,4.2567,8934809246.08,0.0861,407522741.93,345793834.15,2012-07-31,0.12867308282993764
1328,002456.XSHE,46.2231,5.4469,5767680000.0,0.8529,2.097,5733836604.51,0.11,363020414.35,339905413.88,2012-07-31,0.16977372509287397
1329,002460.XSHE,55.1907,4.8045,3495000000.0,1.9973,2.3468,3503091110.42,0.115,144125080.29,124929555.69,2012-07-31,-0.04593051761574556
1330,002465.XSHE,30.2257,1.7668,7378319457.0,0.2542,0.3474,8382965375.25,0.04,212327536.44,206187488.56,2012-07-31,0.0806679475587703
1331,002466.XSHE,100.2502,4.2663,4229190000.0,1.9568,2.2026,4739931382.83,0.15,201537376.69,178648379.51,2012-07-31,0.03163107489144011
1332,002468.XSHE,-140.9148,3.0171,2170368000.0,0.0584,0.1392,2333032620.84,0.0046,247213484.53,245821950.59,2012-07-31,-0.1698548406938122
1333,002470.XSHE,19.457,3.0485,10010000000.0,2.9529,5.4186,12073446505.5,0.24,2214524463.41,2015681524.97,2012-07-31,0.06714530709531141
1334,002475.XSHE,39.3725,5.4372,10292436000.0,1.402,1.7654,8930860101.36,0.13,592599447.08,539293199.6,2012-07-31,0.13051774583386347
1335,002500.XSHE,119.0502,3.2691,19774352000.0,0.4168,0.8942,22061679213.0,0.02,251344613.0,180104697.0,2012-07-31,0.0
1336,002508.XSHE,20.2426,2.7574,4316160000.0,5.2901,6.9253,5022105318.67,0.42,858811164.74,741073582.77,2012-07-31,0.14059107220406392
1337,002555.XSHE,74.0017,1.7163,1319900000.0,0.3859,0.4202,1444090552.24,0.024,82715424.03,78883280.61,2012-07-31,-0.012165867032213774
1338,002558.XSHE,28.9722,2.2794,1310785000.0,-1.6469,-1.6938,1415646518.43,-0.17,40902349.66,51859838.68,2012-07-31,0.08625704417378656
1339,002572.XSHE,28.2635,2.9201,3959000000.0,0.9173,1.0094,4158755255.63,0.13,140682942.92,123956491.97,2012-07-31,-0.01729786697825736
1340,002601.XSHE,18.755,2.4831,5226400000.0,3.5956,4.8416,8991137672.75,1.06,669412182.1,551912237.84,2012-07-31,-0.10359933533830462
1341,002602.XSHE,15.5729,1.1552,1795500000.0,1.6765,1.8521,2622316593.34,0.1648,228839761.06,194685061.22,2012-07-31,0.005841646445582906
1342,002608.XSHE,24.0396,1.1421,2302020000.0,0.132,0.3703,6818935102.12,0.05,565234185.78,559538599.53,2012-07-31,-0.0191529761413357
1343,002624.XSHE,31.3747,2.4942,1200000000.0,1.6138,2.2188,1542314026.58,0.11,80621753.63,72775394.49,2012-07-31,0.3566720053949255
1344,002673.XSHE,165.706,3.2868,16392000000.0,0.5717,1.7808,6715717672.75,0.06,209165829.95,131649025.25,2012-07-31,-0.053444159201479255
1345,300003.XSHE,20.4343,3.7378,9126880000.0,5.7318,6.204,10774446951.8,0.1793,289918261.67,123649664.87,2012-07-31,-0.09251515207339317
1346,300015.XSHE,46.8635,6.1418,8608080000.0,2.7445,3.4158,8831395531.19,0.11,354554855.84,288058012.37,2012-07-31,-0.04664758018892184
1347,300017.XSHE,37.0306,3.2808,2604679291.0,4.2109,4.5079,2545359503.59,0.23,353644504.02,320792054.45,2012-07-31,0.15449996028278667
1348,300024.XSHE,34.0682,5.2446,6667584000.0,5.1787,6.8512,6934585459.31,0.28,513641747.47,433309450.96,2012-07-31,0.041067270234390274
1349,300027.XSHE,38.6729,5.5609,9465120000.0,0.9916,1.6893,9534879793.22,0.05,235875166.41,204571828.68,2012-07-31,0.04664768720453414
1350,300033.XSHE,54.7375,2.2701,2538816000.0,0.9061,1.0008,2257611390.12,0.08,50917741.85,40270708.33,2012-07-31,-0.07569241738897918
1351,300059.XSHE,39.6693,2.0788,3581760000.0,1.3206,1.4101,4273739899.61,0.07,67819977.95,46158073.31,2012-07-31,-0.021500930328716188
1352,300070.XSHE,44.0237,4.8336,16075567200.0,2.0304,2.4483,17388706710.9,0.15,466208037.87,359154882.05,2012-07-31,0.12036613272311207
1353,300072.XSHE,35.2224,3.4951,4104794000.0,0.2171,0.3688,4316985020.27,0.022000000000000002,179467591.78,172145159.2,2012-07-31,0.07487738419618535
1354,300122.XSHE,49.7173,4.5478,10308000000.0,1.4628,1.5792,8818845292.01,0.09,138570988.44,98059519.84,2012-07-31,0.07373344710976275
1355,300124.XSHE,22.4371,2.7826,7002288000.0,2.1729,2.3480000000000003,10214400925.8,0.28,213819647.39,165364417.05,2012-07-31,0.09828203292770224
1356,300136.XSHE,27.8757,2.3706,1588079400.0,1.1802,1.2451,2448544890.89,0.0634,28700242.35,19390460.39,2012-07-31,0.18138180249177488
1357,300144.XSHE,31.814,2.8284,7800408000.0,4.1394,4.6625,8281751980.02,0.23,239641352.29,110637939.28,2012-07-31,-0.05899575721448859
1358,300251.XSHE,27.0677,3.0274,5328752000.0,4.3782,4.591,5679763263.76,0.16,278254170.11,190529274.37,2012-07-31,0.1561424812790934
1359,300315.XSHE,47.2712,3.6152,3094810600.0,4.4939,4.7449,8380464.43,0.09,41603138.04,28919452.75,2012-07-31,0.37918791556387577
1360,600000.XSHG,4.5217,0.8827,142885591039.0,0.289,5.1603,2799225557740.0,0.423,19909000000.0,9603000000.0,2012-07-31,-0.006532779316712782
1361,600008.XSHG,18.8883,1.8714,9812000000.0,0.4233,1.0089,21677701668.3,0.0249,607409189.34,529350839.54,2012-07-31,-0.0403312226010716
1362,600009.XSHG,15.7779,1.6154,24164058938.0,2.0705,2.3665,27825488226.7,0.19,1101307848.65,760376430.4,2012-07-31,0.002815202091292916
1363,600010.XSHG,225.3613,2.5146,32118218295.0,0.0206,0.0835,79776896360.3,0.0017,9165617342.09,8919140440.55,2012-07-31,0.02200157960058679
1364,600015.XSHG,5.465,0.8787,60277586829.0,0.1885,3.612,1249637240420.0,0.34,9036740503.56,5879703311.15,2012-07-31,-0.006821212432044243
1365,600018.XSHG,12.6271,1.2646,56660397329.0,1.3895,2.0146,92777221738.6,0.0405,5976282242.2,4589726392.39,2012-07-31,-0.0040080160320641
1366,600019.XSHG,6.1846,0.6532,73550601970.0,0.5347,1.14,210322921373.0,0.07,47419467218.9,46461271812.8,2012-07-31,0.03809702794855965
1367,600021.XSHG,17.8939,1.6601,10484722359.0,0.7751,2.8484,32325290666.6,0.0806,4042144531.97,3958971520.26,2012-07-31,-0.012236384704519213
1368,600031.XSHG,11.4921,4.0559,90441040092.0,5.1604,13.3127,130416769526.0,0.369,14677802000.0,11382118000.0,2012-07-31,-0.15070266102457247
1369,600038.XSHG,39.9969,3.1461,4881454500.0,0.3834,0.8241,7812458142.48,0.0369,262974959.08,245346755.47,2012-07-31,0.09983517777254536
1370,600048.XSHG,13.0262,2.2291,81373136057.0,0.336,1.5103,233097814953.0,0.09,4919743750.55,3929666459.69,2012-07-31,-0.1745695888450824
1371,600050.XSHG,44.5987,1.0624,75459883166.0,0.2176,0.4707,328606829149.0,0.0158,62984181231.0,61725116598.0,2012-07-31,0.061795753765864124
1372,600061.XSHG,-137.59,3.2027,1832184154.0,-1.0279,-2.5613,3528098596.67,-0.03,582738764.15,596540538.68,2012-07-31,0.09134672672243256
1373,600066.XSHG,12.071,2.6614,16080534252.0,2.5526,5.3014,21325967847.2,0.36,3969350239.14,3707524481.45,2012-07-31,0.01797534726748641
1374,600068.XSHG,12.8533,1.6788,19773892400.0,0.6982,3.7066,79342061520.6,0.121,11668606214.3,11196401912.3,2012-07-31,-0.07407113684127041
1375,600074.XSHG,-20.496,6.9312,1930823136.0,-1.8624,-11.8176,4314258590.69,-0.064,421138059.53,471941590.42,2012-07-31,0.12329466357308598
1376,600085.XSHG,46.1661,6.2574,22460633239.0,3.1154,4.2821,20680431306.5,0.11699999999999999,2296556030.78,2016539174.47,2012-07-31,-0.01970965028532685
1377,600089.XSHG,15.6398,1.2912,16999360968.0,1.5722,4.205,38770001137.6,0.2075,9831989841.58,9389957618.52,2012-07-31,-0.0852747577841877
1378,600100.XSHG,20.8475,1.7875,15285421521.0,0.2216,0.5208,38708578494.9,0.0224,4020143891.47,4072174962.04,2012-07-31,0.00649966333667705
1379,600104.XSHG,6.8035,1.2892,141127252851.0,2.9431,5.3119,340428836843.0,0.509,123966662318.0,116201620529.0,2012-07-31,-0.1132782725820429
1380,600109.XSHG,51.0905,3.449,11522789268.0,0.7593,2.1984,17597025781.8,0.07200000000000001,337107295.73,238574384.7,2012-07-31,0.019961319398853743
1381,600111.XSHG,28.0351,12.6961,86103664200.0,9.3976,19.3497,88271681526.4,0.997,3570219450.38,1612091166.01,2012-07-31,-0.11279909013462043
1382,600118.XSHG,40.2797,4.7591,9972594661.0,0.8497,1.8134,14547426192.2,0.05,670142734.29,622279584.86,2012-07-31,-0.10661055971094642
1383,600153.XSHG,7.2866,1.5762,14142584683.0,0.8557,4.5964,62581428642.6,0.17,18628905312.2,17952728159.5,2012-07-31,-0.16771245013017655
1384,600157.XSHG,28.1802,2.02,16049440532.0,0.8003,2.6635,27294861313.9,0.2112,970204019.74,720243027.83,2012-07-31,-0.1982608163140329
1385,600170.XSHG,9.28,1.3052,14246373520.0,0.4611,2.7714,66841588224.1,0.25,20365345445.1,20011942583.6,2012-07-31,0.0681854991092155
1386,600177.XSHG,10.6035,1.5277,19171126694.0,0.599,2.055,57676369219.8,0.115,2054471429.54,1879530964.57,2012-07-31,-0.1370403438466808
1387,600196.XSHG,20.839000000000002,2.0564,20853096386.0,1.9348,3.3935,26421983330.8,0.18,1646238552.83,1584756759.33,2012-07-31,0.0
1388,600208.XSHG,17.1018,2.1276,22048040831.0,0.5526,2.0487,49141417362.3,0.033,964049103.43,1040132389.08,2012-07-31,-0.053529937444146684
1389,600219.XSHG,13.6547,0.8125,12746078122.0,1.0168,1.2232,18002541169.9,0.1,3402749050.88,3151651601.63,2012-07-31,-0.04249958698166199
1390,600221.XSHG,7.2255,1.2237,17780865757.0,0.2167,1.2249,82492049502.0,0.04,7062034000.0,6865138000.0,2012-07-31,-0.09515940902021773
1391,600233.XSHG,17.0291,1.891,1780350000.0,1.7132,1.6469999999999998,1735184973.44,0.094,206917214.04,172420297.49,2012-07-31,-0.14736149798823894
1392,600271.XSHG,15.197000000000001,3.0260000000000002,14922144000.0,4.3123,4.8588,18513271273.5,0.26,2915919080.7,2550838337.42,2012-07-31,-0.031553431112200575
1393,600276.XSHG,36.6668,7.553999999999999,35427579257.0,6.2829999999999995,6.8975,29961133469.7,0.2686,1339998690.81,966945012.92,2012-07-31,0.048168493775037735
1394,600297.XSHG,256.7866,2.1118,1827000000.0,0.1716,0.4193,2606274860.86,0.0098,234036051.38,234961808.3,2012-07-31,0.04407001850709442
1395,600309.XSHG,15.3995,4.0762,28326584832.0,3.1341,5.8959,37559499515.5,0.2,3281137342.63,2622401638.28,2012-07-31,-0.04121547437084251
1396,600340.XSHG,9.9737,4.0224,15292489505.0,0.0139,0.5588,38310513150.0,0.03,778096872.97,770989818.52,2012-07-31,-0.03518194996840505
1397,600352.XSHG,12.495,1.0712,7650446995.0,0.5812,1.4802,16981042066.2,0.0697,2231967559.31,2136443022.09,2012-07-31,0.04992891193443179
1398,600369.XSHG,108.9266,2.2132,22877162436.0,0.9069,1.6069,27184750682.6,0.07,353087496.91,142827131.24,2012-07-31,-0.16243444055944048
1399,600372.XSHG,51.19,6.028,22271329018.0,1.2968,2.4922,22940717689.7,0.1071,871137897.04,769998615.21,2012-07-31,0.12692191271547548
1400,600373.XSHG,16.3303,2.3152,8389553816.0,2.0356,4.1281,12816204175.6,0.28,2401087589.62,2287018472.11,2012-07-31,0.052056652101853146
1401,600376.XSHG,8.618,1.3843,16620786000.0,-0.0223,-0.045,65300748642.8,-0.0036,708776144.79,775209405.24,2012-07-31,-0.13219359875097586
1402,600383.XSHG,8.4831,1.2301,25800604460.0,0.2127,0.7542,92493826149.4,0.03,1743229276.88,1485877638.51,2012-07-31,-0.12999221603496794
1403,600390.XSHG,-19.4703,3.6423,1979818500.0,0.7631,1.9701,2789440645.03,0.067,196027470.48,195986125.22,2012-07-31,-0.03233629749393683
1404,600406.XSHG,28.0623,8.0222,25145591061.0,1.1155,2.3155,36416553167.2,0.07,772541621.7,727931330.93,2012-07-31,-0.05827025616167656
1405,600415.XSHG,29.6384,2.4431,19350626396.0,1.1698,2.6766,29642086636.4,0.08,755214353.52,486293040.8,2012-07-31,-0.056266977105161015
1406,600436.XSHG,44.816,10.9023,13773200000.0,5.0915,7.4887,10256644692.2,0.64,264011555.68,156957357.45,2012-07-31,-0.04777459474566802
1407,600482.XSHG,41.5465,2.7243,3333030000.0,0.5898,1.5879,5941132982.5,0.04,1166144978.95,1144013580.12,2012-07-31,0.02074495163753607
1408,600485.XSHG,79.6809,2.1611,1022764680.0,-2.0981,-2.952,1449712187.25,-0.10300000000000001,32199862.62,49022503.75,2012-07-31,0.0027132256182763504
1409,600489.XSHG,23.2308,4.5561,42304008568.0,2.8198,4.6944,47042907876.8,0.21,6438710318.35,5730826275.79,2012-07-31,-0.01818723911747166
1410,600498.XSHG,21.7828,2.2157,11205252418.0,0.9118,2.3115,17217620696.2,0.21,1429432052.89,1425590552.38,2012-07-31,-0.0417582417582418
1411,600518.XSHG,25.7694,3.3422,32914755811.0,2.5774,4.2814,34397359665.4,0.184,2551434522.45,2087876882.49,2012-07-31,-0.03005391026275955
1412,600519.XSHG,23.5768,9.1909,255849079200.0,8.7773,11.2148,211355473106.0,2.86,6015967741.62,1843049067.42,2012-07-31,-0.10826146276652784
1413,600522.XSHG,15.9487,1.2637,5445817644.0,1.1703,1.7577,9220061057.76,0.195,1234640715.37,1144572787.57,2012-07-31,0.09963539940338093
1414,600535.XSHG,36.225,6.5009,23703738909.0,2.1696,4.0151,20927178640.8,0.2859,2128841318.42,1966361342.09,2012-07-31,0.07189581215555248
1415,600547.XSHG,21.1025,6.9487,47672925668.0,4.8732,10.3158,51728592692.9,0.43,12899659038.7,12109277230.5,2012-07-31,0.0008953727867792347
1416,600549.XSHG,26.9683,6.5743,23971597000.0,1.3185,3.0968,34412566463.1,0.1588,1845683662.4,1629995758.71,2012-07-31,0.11977273339257352
1417,600570.XSHG,32.7937,6.5946,7984005120.0,1.9521,2.6336,7851355946.51,0.05,142264798.16,135482139.71,2012-07-31,-0.06094180612693215
1418,600583.XSHG,34.1694,2.3812,22753224000.0,0.2721,0.5169,29685386909.9,0.01,1303247330.09,1238728448.04,2012-07-31,-0.04273615393187479
1419,600588.XSHG,24.2712,4.7904,13335124625.0,2.6354,4.6913,16918769196.4,0.13699999999999998,1715368930.0,1636986340.0,2012-07-31,0.05359546025479993
1420,600606.XSHG,20.7573,1.5264,3265416561.0,0.2881,0.7433,5517202698.02,0.032,115805121.9,112619224.86,2012-07-31,-0.031742798458691816
1421,600637.XSHG,35.3717,5.5264,15725953379.0,7.7898,9.4418,15004710910.0,0.2304,916616248.77,650851889.72,2012-07-31,0.08286260600487518
1422,600649.XSHG,8.6259,1.1571,15475371823.0,3.6814,7.882999999999999,27325120304.7,0.44,619725068.28,577880452.18,2012-07-31,-0.017370190511766973
1423,600660.XSHG,10.2285,2.4098,14842128720.0,5.8955,11.9174,21329930507.2,0.37,4874089645.0,3976111887.0,2012-07-31,-0.0431838155468628
1424,600663.XSHG,41.4907,1.9183,20955414480.0,1.5276,3.7833,38903543496.4,0.2206,1358183656.03,926947375.19,2012-07-31,-0.0427788308827296
1425,600674.XSHG,40.2389,1.4943,12191058273.0,0.2169,0.1683,19141923365.6,0.0122,301381443.7,208269997.95,2012-07-31,0.06475022898611997
1426,600682.XSHG,16.9166,2.2331,2934654600.0,3.6007,9.965,5092026175.57,0.34,768060956.59,723957344.88,2012-07-31,-0.05738733313259056
1427,600690.XSHG,9.9574,3.0835,30019725897.0,2.1554,7.1778,53503357857.4,0.231,18688577124.1,17847172945.7,2012-07-31,-0.06529036926849872
1428,600703.XSHG,19.962,3.3048,18829939639.0,2.0803,3.5509,20244483103.0,0.14,510363394.92,391521797.54,2012-07-31,0.14340650846409514
1429,600704.XSHG,10.243,1.3076,4711473775.0,1.0948,5.2072,25681020001.5,0.2727,9153023903.26,8791542822.28,2012-07-31,0.06543047326457467
1430,600739.XSHG,8.79,1.9524,20006645903.0,2.0211,2.4765,26270310250.8,0.18,2422708225.08,2231474376.26,2012-07-31,-0.0013655296402275293
1431,600741.XSHG,7.5124,1.3168,22938817554.0,3.3338,4.7342,43624947114.0,0.312,14085715564.3,12893815095.9,2012-07-31,-0.05969317374280656
1432,600795.XSHG,10.8522,1.5019,40334610660.0,0.2112,1.0661,190490708000.0,0.019,12857986039.3,12664736298.8,2012-07-31,-0.030510060832943345
1433,600804.XSHG,48.4481,2.1597,7883838490.0,0.8694,1.7254,12357460826.0,0.05,565191869.71,521793468.8,2012-07-31,0.010200140449438287
1434,600816.XSHG,30.064,11.929,7320249621.0,5.6912,9.9392,6983452998.03,0.1204,83134989.17,22323302.48,2012-07-31,0.0
1435,600820.XSHG,9.9826,0.955,9908770703.0,0.3156,0.9623,22116762484.2,0.1,2549681908.93,2672793581.5,2012-07-31,-0.0550565729616236
1436,600827.XSHG,12.9114,1.403,16415384517.0,1.5513,3.8543,41647511209.8,0.25,14549167451.1,13874579178.5,2012-07-31,-0.06610839249201644
1437,600837.XSHG,31.6976,1.6130000000000002,91725781693.0,1.0595,2.2975,133216881784.0,0.13,2426157382.87,995711024.92,2012-07-31,-0.12156005522319377
1438,600886.XSHG,65.6905,1.3159999999999998,15090737406.0,-0.0622,-0.5603,115402032417.0,-0.0279,5763218031.3,5777896338.51,2012-07-31,0.0
1439,600887.XSHG,17.127,4.7085,30054535400.0,2.1498,6.5963,46688132249.9,0.26,10257911192.5,9796665340.78,2012-07-31,0.07021501333763
1440,600893.XSHG,50.9797,3.0165,12126950117.0,0.5219,1.1546,19752194049.5,0.04,1158524709.32,1104269298.21,2012-07-31,-0.0071853320118930065
1441,600895.XSHG,22.1988,1.9314,11553224043.0,0.28600000000000003,0.7589,22456799108.3,0.03,311710318.0,293340428.51,2012-07-31,-0.05228666451495211
1442,600900.XSHG,13.8126,1.6302,108570000000.0,0.2635,0.6029,192759038994.0,0.0251,3378420338.23,3355985197.84,2012-07-31,-0.016716817118020703
1443,600999.XSHG,34.1467,2.0755,50572933145.0,0.7475,2.1517,100557773254.0,0.1153,1250986560.19,582935562.64,2012-07-31,-0.08510616357130339
1444,601006.XSHG,7.6009,1.3949,88011405627.0,3.6061,5.2949,137599902247.0,0.23,11190000000.0,7210240627.0,2012-07-31,0.011820485929033198
1445,601009.XSHG,6.4274,1.0601,24464009519.0,0.3533,4.6667,309841573304.0,0.35,2243664537.4,966257999.57,2012-07-31,-0.03885383034928093
1446,601012.XSHG,33.8558,1.1469,3403471680.0,0.3002,0.557,2123461305.97,0.06,473394507.46,469216911.74,2012-07-31,0.03167486259762805
1447,601018.XSHG,11.5849,1.2378,32000000000.0,2.3744,3.1272,38654335000.0,0.06,1735781000.0,1180573000.0,2012-07-31,-0.007998927518098144
1448,601099.XSHG,106.0649,4.4845,9806112976.0,0.3172,0.77,13315362572.8,0.011000000000000001,117588402.39,95597271.09,2012-07-31,-0.07755367599219253
1449,601117.XSHG,10.1161,1.7638,28808720000.0,0.9144,2.707,59164148213.5,0.08,9731599427.76,9226101636.95,2012-07-31,0.003427733479974327
1450,601118.XSHG,50.0012,2.6963,24098081908.0,0.9353,1.1065,27843058985.1,0.0257,1820394461.7,1709541809.62,2012-07-31,-0.027739205184156537
1451,601166.XSHG,4.4317,1.0438,134614410952.0,0.3304,6.9308,2635764996300.0,0.77,19232000000.0,8272000000.0,2012-07-31,-0.013620123951877495
1452,601169.XSHG,6.4834,0.9843,66441204519.0,0.3445,5.8187,1005911409890.0,0.46,6302155000.0,2008676000.0,2012-07-31,-0.02781128960568929
1453,601216.XSHG,18.2045,1.5543,8000000000.0,0.9826,1.4061,12462039623.6,0.1108,827855109.41,717824914.59,2012-07-31,-0.004789631855747448
1454,601377.XSHG,54.175,2.6044,21670000000.0,0.8405,1.9675,34349107643.4,0.08,665592370.19,418762187.2,2012-07-31,-0.11471747999908825
1455,601555.XSHG,116.2127,2.2359,16460000000.0,0.38799999999999996,0.8239,23704200365.4,0.03,320529947.63,235991221.73,2012-07-31,-0.13608523341396878
1456,601608.XSHG,13.1299,2.9792,11672400000.0,6.521,26.4311,9057252027.57,0.4,7041100811.75,6221814526.67,2012-07-31,-0.1149946539837039
1457,601668.XSHG,6.5454,1.0126,93600000000.0,0.7253,2.8237,467040037000.0,0.09,105476298000.0,101416804000.0,2012-07-31,-0.028855197321395062
1458,601669.XSHG,8.7863,1.1574,33504000000.0,0.4454,2.6094,174138584900.0,0.0751,24200005946.4,23319338830.8,2012-07-31,-0.10889570552147236
1459,601688.XSHG,30.9191,1.7437,52528000000.0,0.5604,1.4358,104192971838.0,0.09,1574431733.53,943954487.43,2012-07-31,-0.08741800130015949
1460,601718.XSHG,17.7601,1.2494,11995270000.0,1.4056,2.2728,18723439946.3,0.0555,6596203973.24,6351597744.91,2012-07-31,-0.07074332483563654
1461,601788.XSHG,36.9666,2.151,45972100000.0,0.7373,1.5641,68819921006.2,0.0996,969374473.1,528355269.81,2012-07-31,-0.18215481022573526
1462,601818.XSHG,5.1615,1.0782,112408716200.0,0.3662,6.8882,2020071178500.0,0.17,15095000000.0,5886000000.0,2012-07-31,-0.0035881503522513392
1463,601872.XSHG,247.0696,0.9445,11630634638.0,0.278,0.4818,20452841358.0,0.02,814719705.0,784805534.0,2012-07-31,-0.040602074373893175
1464,601877.XSHG,15.3056,3.4263,14954400000.0,2.4251,4.0678,18482419229.3,0.2,2070270399.47,1777865555.49,2012-07-31,-0.023521806674938226
1465,601888.XSHG,26.8558,4.8021,24780800000.0,4.6813,6.906000000000001,24608740256.7,0.3806,3322266802.89,2852938866.9,2012-07-31,-0.03515410068363572
1466,601901.XSHG,88.48299999999999,1.9417,27267000000.0,0.4968,0.9672,38543731632.7,0.02,566332691.23,310058831.37,2012-07-31,-0.08946589226739557
1467,601933.XSHG,40.2168,3.8122,15657481000.0,1.2296,2.8651,28341860324.8,0.15,6223550539.3,6076463561.62,2012-07-31,0.1853858854409212
1468,601958.XSHG,56.1627,2.9074,38396592360.0,1.1327,1.2242,42240343839.6,0.05,2178530268.71,1968550883.1,2012-07-31,-0.06554767886024973
1469,601989.XSHG,16.6575,1.6591,67911481076.0,0.5819,2.5184,217354168034.0,0.0702,12324348198.6,11164620017.0,2012-07-31,0.03887176530589618
1470,000001.XSHE,5.9062,0.9108,72700342403.0,0.4998,8.8308,1481641223310.0,0.82,19626000000.0,10789000000.0,2012-08-31,-0.07468819088140831
1471,000002.XSHE,8.5018,1.6004,88181585948.0,1.4476,6.894,354360099634.0,0.34,30722991215.8,25181340052.8,2012-08-31,0.0511148819624304
1472,000008.XSHE,24.0976,11.2103,828598590.0,0.016,0.0181,844943978.3,0.195,154890371.88,136196183.43,2012-08-31,-0.02222566405947491
1473,000060.XSHE,19.205,2.8289999999999997,15533944826.0,1.7294,3.8671,24255493592.1,0.1,8115373229.74,7770833239.57,2012-08-31,0.09030344883617
1474,000069.XSHE,12.7735,2.3517,39993242113.0,1.7431,6.2756,93818202938.4,0.1437,6680427109.59,5315075004.76,2012-08-31,0.01818672215158176
1475,000100.XSHE,20.7049,1.403,15681004843.0,0.6652,2.5148,67457785233.0,0.0334,29809054000.0,29909934000.0,2012-08-31,0.027038269550748683
1476,000402.XSHE,9.396,0.9328,17375438104.0,1.9606,5.9993,63022550642.3,0.36,5138825299.38,4291375057.56,2012-08-31,0.04530373161839996
1477,000413.XSHE,67.7348,15.5633,4258960000.0,15.144,16.2707,4455544163.16,0.11,361355746.17,240200515.94,2012-08-31,0.07555051455128925
1478,000415.XSHE,14.7227,1.0687,7767828189.0,0.9933,2.42,20707136428.3,0.1945,1184903736.78,827722590.77,2012-08-31,-0.0457655107336635
1479,000423.XSHE,25.9405,5.8427,22635685396.0,10.824000000000002,12.7697,26624596439.5,0.7125,1148734913.08,635278889.48,2012-08-31,0.11875181758199832
1480,000425.XSHE,8.0486,1.3598,22050884666.0,4.2037,10.1407,52994087263.5,0.77,17961399172.3,16138445759.8,2012-08-31,-0.003721579345234611
1481,000503.XSHE,660.0367,4.8259,5905261880.0,0.4302,0.8397,5341880541.09,0.0115,80063936.55,80287436.13,2012-08-31,0.09284627092846262
1482,000538.XSHE,29.4138,6.5388,40336882430.0,7.6011,12.3597,44723420360.2,1.04,6141740810.33,5309672114.21,2012-08-31,0.07056794936329278
1483,000540.XSHE,13.7558,3.4431,8082093685.0,1.689,14.2324,27083525307.9,0.2505,1391199499.2,1204965748.64,2012-08-31,0.011041723232871744
1484,000559.XSHE,18.0089,1.9695,6994427090.0,1.8694,4.3094,13581845847.4,0.10800000000000001,4094279686.75,3924974027.45,2012-08-31,-0.009138885313425191
1485,000568.XSHE,14.2758,6.8444,50016063387.0,16.9508,27.7515,62785948710.3,1.4369999999999998,5192584203.75,2483849813.96,2012-08-31,0.07631985631943873
1486,000623.XSHE,6.6045,1.3824,13005134816.0,4.18,4.6691,16036065039.8,0.48,665602132.12,560789356.77,2012-08-31,0.03782338528614421
1487,000625.XSHE,44.8579,1.5019999999999998,22335224457.0,1.4486,3.8503,45879068822.0,0.12,14044230553.8,14389673635.8,2012-08-31,0.10646897102709307
1488,000627.XSHE,-26.3625,2.7321,3871267017.0,-3.8467,-5.442,5002217242.68,-0.055999999999999994,445800145.96,477076211.29,2012-08-31,0.01398110092387679
1489,000630.XSHE,19.2852,2.2848,23683967739.0,1.2103,4.8906,53178736518.0,0.35,33722749049.0,33224447177.1,2012-08-31,0.18428276223668372
1490,000651.XSHE,10.4347,2.7737,61571005536.0,3.3859,14.4261,123333018779.0,0.96,48303311640.1,45010474839.4,2012-08-31,0.04445325185062067
1491,000671.XSHE,14.8121,2.7211,4716848796.0,0.6444,5.1159,14720783554.8,0.09,1415085321.58,1289366572.05,2012-08-31,0.10913477724161144
1492,000686.XSHE,-127.7208,4.6976,14982105975.0,0.9778,3.9044,20333071625.2,0.19,609809077.8,479882255.04,2012-08-31,0.06530978056607599
1493,000709.XSHE,33.1331,0.6104,26121774123.0,0.2815,0.9201,129512021386.0,0.037000000000000005,59687562328.8,59324218749.3,2012-08-31,-0.0528319445031937
1494,000723.XSHE,-586.4963,3.2029,1474167499.0,-1.5558,-2.6136,1984486257.64,-0.04,609678559.51,628045690.66,2012-08-31,0.06818181818181829
1495,000725.XSHE,24.4611,0.9754,24203560790.0,-1.5830000000000002,-3.1226,57451918017.3,-0.057999999999999996,9608882013.0,10831568433.0,2012-08-31,0.06700329059344158
1496,000728.XSHE,48.6769,1.3780000000000001,20426640000.0,1.3255,1.9975,28515950910.8,0.15,843755472.67,483544409.06,2012-08-31,0.12979775556133938
1497,000738.XSHE,42.8015,3.0918,7910414906.0,1.7693,3.2208,11402105054.0,0.0864,987830783.68,894780632.41,2012-08-31,-0.01310169756614014
1498,000750.XSHE,242.9195,6.4395,16862264293.0,1.493,5.4986,30130070396.8,0.08,788435305.84,568473264.27,2012-08-31,0.009564528315795262
1499,000768.XSHE,40.982,1.8412,17417657633.0,0.1827,0.4943,30577325643.0,-0.0099,5557735790.01,5618584035.94,2012-08-31,0.03555413196668792
1500,000776.XSHE,27.9687,1.9637,61264666652.0,1.8785,4.6141,134705863376.0,0.25,3982857697.12,2089983666.25,2012-08-31,0.314002904943784
1501,000783.XSHE,43.617,1.5697,18543048621.0,1.4343,3.4698,37151254405.2,0.17,1227735172.02,707787486.19,2012-08-31,0.1803320927569424
1502,000792.XSHE,22.6694,3.3026,48796822348.0,4.5334,9.2187,72189673203.2,0.8245,3917011856.39,2423182663.04,2012-08-31,-0.056061368209255516
1503,000826.XSHE,33.257,6.6323,11636045777.0,4.2991,10.2666,13785417593.2,0.309,818161283.55,625238612.04,2012-08-31,0.04665994662000665
1504,000839.XSHE,62.6313,1.6871,9674131438.0,0.7098,1.3847,16379151717.6,0.0509,877231573.39,961322843.83,2012-08-31,0.011341035081037495
1505,000858.XSHE,15.7674,4.7139999999999995,123634636070.0,13.69,20.4522,133409987156.0,1.329,15049709413.4,8115683206.93,2012-08-31,0.04083646732483425
1506,000876.XSHE,9.3325,2.1704,23597553304.0,5.4889,9.7435,36256557672.9,0.57,35866678781.4,35384679274.4,2012-08-31,-0.0714309947075587
1507,000895.XSHE,37.3803,16.5635,62166341156.0,4.0025,6.2942,39293804638.6,0.4656,18323625087.3,16958584671.8,2012-08-31,0.07079975621317808
1508,000938.XSHE,49.0732,2.6844,2396710400.0,0.8633,2.1336,3465430238.44,0.08800000000000001,2687276371.05,2674427375.99,2012-08-31,-0.05073375625927501
1509,000959.XSHE,-13.0942,1.1624,8424934002.0,-2.8784,-4.7111,16852672528.0,-0.1178,5604852073.52,6082692925.16,2012-08-31,-0.014072088594201814
1510,000961.XSHE,11.5573,1.9334,11409789238.0,1.2757,8.2561,44059369946.1,0.4,5133038614.23,4470756011.79,2012-08-31,-0.035828194769296134
1511,000963.XSHE,32.4756,8.0453,14341342103.0,5.3107,15.3248,17481688244.0,0.5846,7046070997.46,6634571483.55,2012-08-31,0.04418694476631909
1512,000983.XSHE,15.1428,2.5225,39484536000.0,4.5288,11.1913,69842852197.9,0.5256,15684625072.3,13226736677.1,2012-08-31,0.06943416862354042
1513,002007.XSHE,43.6948,5.6313,14312927232.0,6.6969,7.1148,14438367989.4,0.3031,438101638.01,202647944.81,2012-08-31,0.04509188765230091
1514,002008.XSHE,14.2256,2.8313,7947858126.0,2.6202,5.9371,10066483360.8,0.16,1742336298.3,1596920666.5,2012-08-31,-0.022339897401952663
1515,002024.XSHE,10.8399,1.9319,44445919763.0,2.8889,7.7383,91276812555.7,0.25,47191067000.0,45013152000.0,2012-08-31,0.1528252187951398
1516,002027.XSHE,-17.0064,1.8792,1118639929.0,-1.0917,-1.5169,1464040171.28,-0.0301,528389662.85,544004891.26,2012-08-31,0.040553285130462184
1517,002044.XSHE,30.2959,5.0383,1843335000.0,1.4641,2.575,2131343944.04,0.043,247057637.74,233692878.88,2012-08-31,0.1520585371981283
1518,002065.XSHE,25.5659,4.871,12143422720.0,6.6274,9.4792,12764649684.5,0.327,1383511529.31,1179818716.57,2012-08-31,0.005687560224682028
1519,002074.XSHE,34.4997,3.3783,1507539600.0,4.5338,9.0608,2135854601.96,0.16,396855219.71,350446932.36,2012-08-31,0.023522304289361244
1520,002081.XSHE,30.9385,8.1741,27977566994.0,5.246,12.7034,33841864310.4,0.3559,5174252757.79,4678014700.64,2012-08-31,0.02806205049206703
1521,002142.XSHE,7.3547,1.3562,27627000668.0,0.802,11.042,284823392879.0,0.75,4961973000.0,2247249000.0,2012-08-31,-0.055318589225652574
1522,002146.XSHE,9.4299,2.4196,16565427345.0,2.8372,12.9068,41713279907.2,0.45,5541806411.08,4452449486.72,2012-08-31,0.004520887003081282
1523,002153.XSHE,25.919,6.0913,6955200000.0,10.9866,12.5464,8071547660.93,0.45,360634185.44,237592956.15,2012-08-31,-0.05333405236336182
1524,002174.XSHE,649.3195,4.9469,1142912111.0,0.3936,0.6121,1689928825.97,0.02,199595071.55,198636506.92,2012-08-31,0.07328398090148495
1525,002230.XSHE,72.0253,8.9894,10870831435.0,3.9131,4.8969,7724425180.98,0.15,303669725.63,263684858.56,2012-08-31,-0.011476739992787591
1526,002236.XSHE,44.31100000000001,12.6386,21042662160.0,9.2036,14.243,18005529416.0,0.2,1296870812.88,1097639440.64,2012-08-31,0.08753530739394272
1527,002241.XSHE,47.1272,6.6206,31249416611.0,4.7856,9.2445,34126860620.0,0.22,2547890307.87,2163311697.78,2012-08-31,0.01194103925753142
1528,002252.XSHE,32.5423,7.222,6110208000.0,6.3146,7.6579,6845794238.15,0.138,237484198.86,160617109.7,2012-08-31,0.00564412894216225
1529,002292.XSHE,58.3853,5.8335,7938048000.0,4.1421,4.6064,8693571831.24,0.1,492051229.59,417274277.88,2012-08-31,-0.033534677015523234
1530,002294.XSHE,20.6405,4.2899,9527462400.0,9.9582,11.5813,12094194861.8,0.39,849086642.86,555051098.39,2012-08-31,0.2227833489647212
1531,002304.XSHE,24.484,11.2467,131749200000.0,16.5869,29.381,151594454016.0,2.94,9309772422.09,5162650172.13,2012-08-31,0.02467399541120259
1532,002310.XSHE,32.1828,7.6132,16785267187.0,5.4578,11.9062,20295149670.1,0.4,1509265738.76,1186687232.92,2012-08-31,0.06337557462248836
1533,002352.XSHE,39.6776,2.4525,1735626394.0,2.3616,3.3868,1908167542.52,0.31,395555776.61,373961323.37,2012-08-31,-0.07951017592273202
1534,002385.XSHE,24.4215,3.9585,14597136000.0,6.7698,8.697000000000001,16453813592.4,0.19,4467580729.29,4098434962.78,2012-08-31,0.17189061739152733
1535,002411.XSHE,38.5992,3.5444,2865348000.0,4.1995,5.7184,3180886806.01,0.13,529260620.77,480380746.28,2012-08-31,-0.08427424336009892
1536,002415.XSHE,30.9793,7.3338,52160000000.0,8.7512,10.4855,55244782913.2,0.182,2818679482.49,2078346754.96,2012-08-31,0.0628825820812466
1537,002424.XSHE,40.7632,4.3427,8725920000.0,3.2334,4.8421,8894426095.27,0.2,558761002.41,444135344.78,2012-08-31,-0.0641446255834404
1538,002426.XSHE,40.194,1.9433,2534595300.0,2.5089,3.4226,3267915634.39,0.1111,820969134.19,764668331.89,2012-08-31,0.02214111922141109
1539,002450.XSHE,49.4652,4.4529,12448165800.0,6.197,9.4204,10918944222.7,0.22,961642839.58,748546011.64,2012-08-31,0.07415806780814149
1540,002456.XSHE,54.0706,6.3717,6746880000.0,2.9542,8.4599,8100969128.53,0.22,1286646171.47,1175727346.5,2012-08-31,0.026474579207206264
1541,002460.XSHE,52.6561,4.5838,3334500000.0,3.7533,4.4932,3977236156.86,0.22,299343023.38,265400754.82,2012-08-31,-0.05621730751583009
1542,002465.XSHE,32.6639,1.9093,7973506110.0,1.9934,2.3741,7898620345.47,0.3,481856728.5,420662569.99,2012-08-31,0.11760399508458172
1543,002466.XSHE,103.4212,4.4013,4362960000.0,1.9568,2.2026,4739931382.83,0.15,201537376.69,178648379.51,2012-08-31,-0.011806086116677009
1544,002468.XSHE,-116.9802,2.5047,1801728000.0,0.5314,1.1159999999999999,2607556742.25,0.03,588193638.04,581614840.45,2012-08-31,-0.005112436557625982
1545,002470.XSHE,20.7632,3.2532,10682000000.0,5.1904,9.5078,12104865069.7,0.43,5246535518.8,4917723637.56,2012-08-31,-0.02162721651730998
1546,002475.XSHE,44.5105,6.1468,11635562400.0,4.2188,5.5524,11662595218.6,0.19,1263318582.66,1108329132.32,2012-08-31,-0.03420726904467202
1547,002500.XSHE,119.0502,3.2691,19774352000.0,0.5801,1.4347,27159684937.0,0.04,490204852.0,391224401.0,2012-08-31,0.0
1548,002508.XSHE,23.088,3.145,4922880000.0,5.2901,6.9253,5022105318.67,0.42,858811164.74,741073582.77,2012-08-31,-0.08945533245160509
1549,002555.XSHE,73.1002,1.6954,1303820000.0,0.9352,1.0242,1448138758.33,0.06,156128417.08,148029076.05,2012-08-31,0.06267707429893035
1550,002558.XSHE,31.4709,2.476,1423835000.0,1.4809,1.5147,1358168125.83,0.21,140783647.32,132152854.63,2012-08-31,-0.040532173039913036
1551,002572.XSHE,27.7746,2.8696,3890520000.0,3.3646,3.7533,4284084426.37,0.1193,426439854.93,365048368.64,2012-08-31,-0.03795579595262516
1552,002601.XSHE,16.812,2.2259,4684960000.0,5.3975,7.4622,8094343657.96,0.82,1133374749.4,953239972.13,2012-08-31,-0.03209498276522409
1553,002602.XSHE,15.6639,1.1619,1806000000.0,3.6343,4.109,2495523800.07,0.24,466620229.04,391675251.92,2012-08-31,0.04798070050035733
1554,002608.XSHE,23.579,1.1202,2257920000.0,0.7199,1.8618,6166180615.27,0.25,1093733336.52,1061862386.81,2012-08-31,0.07553236259574105
1555,002624.XSHE,42.5651,3.3838,1628000000.0,2.8393,4.1139,1864070455.21,0.1,180038157.81,163681151.87,2012-08-31,-0.10688322501273753
1556,002673.XSHE,156.8506,3.1112,15516000000.0,0.9805,2.5083,26065563961.4,0.1,423435028.91,286210236.3,2012-08-31,0.0943557258278649
1557,300003.XSHE,18.5436,3.3919,8282400000.0,9.4253,9.901,10816307903.1,0.2916,506692053.75,235330333.86,2012-08-31,-0.0980491666835833
1558,300015.XSHE,44.6773,5.8553,8206512000.0,5.3341,6.615,9226925420.7,0.21,742695520.38,625537199.94,2012-08-31,-0.11609422765689625
1559,300017.XSHE,42.753,3.7878,3007178577.0,4.2109,4.5079,2545359503.59,0.23,353644504.02,320792054.45,2012-08-31,-0.02050364662171464
1560,300024.XSHE,35.4675,5.46,6941431200.0,5.1787,6.8512,6934585459.31,0.28,513641747.47,433309450.96,2012-08-31,0.007734760431474187
1561,300027.XSHE,40.4768,5.8203,9906624000.0,3.5782,6.2253,11084229224.8,0.17,449130520.36,420020330.7,2012-08-31,-0.056172485214483536
1562,300033.XSHE,50.5938,2.0983,2346624000.0,1.5524,1.7099,2457674394.94,0.14,94976323.67,77983362.25,2012-08-31,-0.1827057518923871
1563,300059.XSHE,38.8134,2.0339,3504480000.0,2.349,2.4888,4032416090.34,0.06,128221202.93,85987131.69,2012-08-31,-0.017325163743925596
1564,300070.XSHE,49.3234,5.4155,18010792800.0,2.0304,2.4483,17388706710.9,0.15,466208037.87,359154882.05,2012-08-31,0.06013655462184879
1565,300072.XSHE,37.8599,3.7568,4412167200.0,2.5799,4.5016,4898647801.7,0.1,382211564.03,319539416.76,2012-08-31,-0.00970053403636861
1566,300122.XSHE,53.3829,4.8831,11068000000.0,4.4754,4.7976,10354729979.5,0.27,327989356.54,237971572.85,2012-08-31,0.06902337081297454
1567,300124.XSHE,24.6422,3.0561,7690464000.0,5.2632,5.6579,9072662085.14,0.37,528313222.7,394104382.21,2012-08-31,-0.04197353842142998
1568,300136.XSHE,32.9312,2.8005,1876093800.0,2.1331,2.2533,2193510393.64,0.1136,60295436.15,45003692.29,2012-08-31,-0.030542366691015326
1569,300144.XSHE,29.9373,2.6616,7340256000.0,4.1394,4.6625,8281751980.02,0.23,239641352.29,110637939.28,2012-08-31,-0.0045274160192275825
1570,300251.XSHE,31.2932,3.5,6160616000.0,4.3782,4.591,5679763263.76,0.16,278254170.11,190529274.37,2012-08-31,-0.09588621444201316
1571,300315.XSHE,65.1948,4.9859,4268252800.0,5.7429,5.9102,3426558447.08,0.11,95870847.01,59679042.61,2012-08-31,-0.04867774397378875
1572,600000.XSHG,4.4922,0.8769,141952917468.0,0.6036,11.0594,3009575529600.0,0.922,40002000000.0,17496000000.0,2012-08-31,-0.03022980226316882
1573,600008.XSHG,18.125999999999998,1.7959,9416000000.0,1.0663,2.9529,22258857031.5,0.0714,1241693715.33,1046968060.77,2012-08-31,-0.042076946502893085
1574,600009.XSHG,15.0859,1.5445,23104231792.0,4.2254,4.9789,27603731611.6,0.39,2273684571.61,1550184510.16,2012-08-31,-0.015011757843119368
1575,600010.XSHG,230.3193,2.5699,32824819097.0,0.1318,0.5464,75251466572.6,0.04,19945895518.6,19558700048.4,2012-08-31,-0.001987193640980375
1576,600015.XSHG,5.4277,0.8728,59866603282.0,0.4675,9.1711,1343358643890.0,0.68,19452000000.0,11376000000.0,2012-08-31,-0.08009295120061967
1577,600018.XSHG,12.5764,1.2595,56432845532.0,3.3057,5.0003,87264714543.7,0.099,13646115290.8,10558608563.5,2012-08-31,-0.020167516728276803
1578,600019.XSHG,6.4202,0.6779999999999999,76352529664.0,4.2358,8.7721,178798131535.0,0.55,98100643195.0,95824679359.9,2012-08-31,0.05045776651321576
1579,600021.XSHG,17.6748,1.6398,10356338004.0,1.1709,5.0094,34094424963.6,0.1428,7142298482.14,7064877016.1,2012-08-31,-0.049598798742433545
1580,600031.XSHG,9.5237,3.3612,74949879572.0,8.8937,24.595,148718473759.0,0.68,31760307000.0,25830696000.0,2012-08-31,-0.02736557687111588
1581,600038.XSHG,43.7008,3.4375,5333503500.0,1.2776,3.0222,8244770980.06,0.1369,823111098.67,761760311.05,2012-08-31,-0.02467189557748325
1582,600048.XSHG,10.7523,1.84,67168527219.0,1.5805,6.9968,259774368934.0,0.35,20182923033.2,15884132782.8,2012-08-31,0.1434762563393268
1583,600050.XSHG,47.3548,1.128,80123134373.0,0.7315,1.6262,336445604206.0,0.0545,125292803978.0,121364730968.0,2012-08-31,-0.023793565683646097
1584,600061.XSHG,-150.1567,3.4952,1999526500.0,-0.9023,-2.2269,3014927283.37,-0.03,1349737972.46,1359879825.09,2012-08-31,-0.025767567803642283
1585,600066.XSHG,12.2881,2.7092,16369701754.0,5.8477,12.5796,20964803094.4,0.5115,8296243064.93,7694153439.37,2012-08-31,-0.0620375640295959
1586,600068.XSHG,11.9012,1.5545,18309159629.0,1.4435,7.5323,77815244276.9,0.247,26170647833.6,25040656470.5,2012-08-31,-0.01903558734101337
1587,600074.XSHG,-23.0229,7.7857,2168869824.0,-4.5886,-30.9725,4268152068.82,-0.154,851108704.17,978691685.85,2012-08-31,0.0152435246003221
1588,600085.XSHG,45.2561,6.1341,22017930902.0,6.1686,8.6968,25436443209.6,0.23600000000000002,3910437024.39,3335268607.67,2012-08-31,0.02128500172848037
1589,600089.XSHG,14.3062,1.1811,15549803056.0,1.5722,4.205,38770001137.6,0.2075,9831989841.58,9389957618.52,2012-08-31,0.08645294307891346
1590,600100.XSHG,20.9831,1.7991,15384806576.0,0.7559999999999999,1.8151,38458951200.7,0.078,9778555451.85,9906498776.06,2012-08-31,0.00517434399148071
1591,600104.XSHG,6.0328,1.1432,125140181239.0,5.6988,10.1819,316273902010.0,0.978,235561226437.0,221871753540.0,2012-08-31,0.1929489896848948
1592,600109.XSHG,52.1105,3.5178,11752844957.0,2.222,6.047999999999999,19820291912.1,0.19899999999999998,805236884.2,538596938.0,2012-08-31,0.31660983925961994
1593,600111.XSHG,24.8727,11.264000000000001,76391267760.0,11.6249,25.2841,102363559016.0,0.648,6297136679.12,3886717850.2,2012-08-31,0.07799804054416336
1594,600118.XSHG,35.9851,4.2517,8909340083.0,2.4819,5.5386,14691169875.9,0.12,1776670695.19,1633207851.05,2012-08-31,0.09978915179837493
1595,600153.XSHG,6.0645,1.3119,11770568898.0,2.0164,10.549000000000001,64211272422.5,0.4,40529233169.9,38989970625.1,2012-08-31,-0.013322831101609223
1596,600157.XSHG,22.5938,1.6196,12867833378.0,2.0253,6.6684,31023019708.1,0.2034,3044741628.5,2357178238.26,2012-08-31,0.20058050717995735
1597,600170.XSHG,9.9127,1.3942,15217717169.0,1.0546,6.5166,73885094395.2,0.3,44243829642.5,43601513950.1,2012-08-31,0.2963206307490146
1598,600177.XSHG,9.1503,1.3183,16543724894.0,1.8818,7.1694,54503607434.3,0.4,5427455237.01,4621198071.92,2012-08-31,0.0026948340992756802
1599,600196.XSHG,20.839000000000002,2.0564,20853096386.0,3.8454,7.0485,28354020461.5,0.37,3494274154.83,3380995689.81,2012-08-31,-0.023746157698842286
1600,600208.XSHG,16.3119,2.0293,21029762232.0,0.7574,2.8002,53960186914.1,0.045,2254627190.67,2351036410.88,2012-08-31,0.029773707235703342
1601,600219.XSHG,13.0745,0.778,12204514863.0,2.0381,2.4946,17396890094.5,0.2,7400937349.74,6924871269.0,2012-08-31,0.06974938532545408
1602,600221.XSHG,9.6533,1.6349,23755254491.0,0.6177,3.4408,85526278081.3,0.12,13891394000.0,13634407000.0,2012-08-31,-0.017939628316682714
1603,600233.XSHG,14.5197,1.6123,1518000000.0,3.0001,2.8752,1947189973.49,0.1634,370883716.56,311490517.5,2012-08-31,-0.0989155587821589
1604,600271.XSHG,14.7174,2.9305,14451210000.0,9.4692,10.9359,19253317597.2,0.58,6693563930.78,5932986137.75,2012-08-31,-0.007030964367072563
1605,600276.XSHG,38.4329,7.9179,37134038572.0,11.6088,12.5019,35855674276.5,0.4096,2610756328.38,1898550055.81,2012-08-31,0.009322195521989641
1606,600297.XSHG,268.101,2.2049,1907500000.0,0.4223,0.711,2728192814.43,0.017,467290487.79,466898515.11,2012-08-31,-0.012851286975146854
1607,600309.XSHG,14.7647,3.9081,27158924083.0,6.9605,13.84,39120363462.5,0.45,7160169875.23,5721462397.29,2012-08-31,0.10190517889820712
1608,600340.XSHG,9.6228,3.8809,14754518421.0,4.1305,38.2612,43525089328.7,1.43,4426001474.87,2760489564.38,2012-08-31,0.06516672124516022
1609,600352.XSHG,13.1185,1.1246,8032235137.0,1.6559,3.8936,15667786612.9,0.1841,4196110548.6,3952423328.63,2012-08-31,0.06945993308905524
1610,600369.XSHG,91.2329,1.8537,19161075137.0,1.6437,2.7906,32274909148.6,0.12,705423269.84,351098159.46,2012-08-31,0.15759125420721687
1611,600372.XSHG,57.6869,6.7931,25097973492.0,3.0899,6.0141,26902446741.2,0.1595,1951488465.94,1719248234.85,2012-08-31,-0.05552494559078765
1612,600373.XSHG,17.1805,2.4357,8826332480.0,3.074,6.3373,12261429648.6,0.42,4909936204.42,4687497293.06,2012-08-31,0.0269960615825278
1613,600376.XSHG,7.4788,1.2013,14423613750.0,0.5544,2.9897,71885768514.8,0.24,3292018115.32,2960380772.73,2012-08-31,0.018332943525898145
1614,600383.XSHG,7.3805,1.0702,22446973031.0,0.7236,2.4145,97766782402.5,0.11,6473240048.13,5565958708.76,2012-08-31,0.001995870612525844
1615,600390.XSHG,-18.8407,3.5245,1915798500.0,0.1991,0.7618,2970720427.16,0.0258,405096016.49,414868410.05,2012-08-31,-0.0743525480367586
1616,600406.XSHG,26.427,7.5547,23680340454.0,4.9366,10.1648,32762489212.4,0.14,2137745983.17,1828118688.38,2012-08-31,0.1803118040089087
1617,600415.XSHG,27.971,2.3057,18261983560.0,2.1857,4.856,29927454195.8,0.14,1652084553.1,1185724908.28,2012-08-31,-0.017870698380566732
1618,600436.XSHG,42.675,10.3814,13115200000.0,9.7784,14.1562,12837672905.3,1.22,573095328.56,375251038.57,2012-08-31,0.09361528442756772
1619,600482.XSHG,42.4084,2.7808,3402180000.0,1.2768,3.4997,5931640708.92,0.09,2300500992.06,2246531578.34,2012-08-31,0.04877879833201725
1620,600485.XSHG,79.8969,2.167,1025536400.0,-2.5259,-3.5686,1427104340.72,-0.124,97040054.6,117536902.5,2012-08-31,0.009457064386508413
1621,600489.XSHG,22.7567,4.4631,41440661462.0,5.4001,9.15,50807718868.2,0.28,16248147538.6,14800318061.2,2012-08-31,0.2919090222461008
1622,600498.XSHG,20.8732,2.1232,10737361982.0,2.7710000000000004,6.4336,17114280645.3,0.65,3699849042.58,3589827425.24,2012-08-31,0.08984925197000272
1623,600518.XSHG,24.9948,3.2418,31925334293.0,4.457,7.4153,40525966245.8,0.322,5113317054.77,4300692492.42,2012-08-31,0.08952719952151025
1624,600519.XSHG,21.0244,8.1959,228150436800.0,19.699,26.4847,253610199927.0,6.74,13264437836.4,3467852031.95,2012-08-31,0.11849293737839688
1625,600522.XSHG,17.5374,1.3896,5988285896.0,2.8468,4.3961,8950883540.17,0.27,2750367683.07,2510621526.68,2012-08-31,-0.02471666264769722
1626,600535.XSHG,38.8294,6.9683,25407929288.0,6.1182,11.1408,25289159318.6,0.43,4195664902.92,3684625357.19,2012-08-31,0.0455293542282421
1627,600547.XSHG,21.1214,6.9549,47715617840.0,10.6488,22.4338,52090784593.0,0.99,25355764341.2,23443740644.2,2012-08-31,0.2442577954453166
1628,600549.XSHG,30.1984,7.3618,26842732800.0,3.9801,9.2029,36879119966.9,0.4679,4529135469.36,3935556778.45,2012-08-31,0.02617015063810786
1629,600570.XSHG,30.7953,6.1927,7497479808.0,3.549,4.7741,8730469762.84,0.09,357891106.0,345233008.89,2012-08-31,0.04659056109428705
1630,600583.XSHG,32.7091,2.2795,21780864000.0,1.2161,2.3636,32022431004.8,0.06,4183829818.75,3941352609.94,2012-08-31,-0.012494906967268779
1631,600588.XSHG,25.5721,5.0471,14049855974.0,2.6354,4.6913,16918769196.4,0.13699999999999998,1715368930.0,1636986340.0,2012-08-31,-0.018116597656125204
1632,600606.XSHG,20.0983,1.4779,3161752543.0,0.8478,2.273,7456640712.87,0.09,205348630.74,221831943.67,2012-08-31,-0.08197612243824617
1633,600637.XSHG,38.3027,5.9844,17029024587.0,7.7898,9.4418,15004710910.0,0.2304,916616248.77,650851889.72,2012-08-31,0.05493476033859918
1634,600649.XSHG,8.476,1.137,15206494707.0,4.5067,9.5711,30331934705.4,0.42,1237273085.75,1087991365.9,2012-08-31,-0.04519630826416599
1635,600660.XSHG,9.7867,2.3057,14201173094.0,5.8955,11.9174,21329930507.2,0.37,4874089645.0,3976111887.0,2012-08-31,-0.007059882935614609
1636,600663.XSHG,39.7157,1.8363,20058926160.0,1.5276,3.7833,38903543496.4,0.2206,1358183656.03,926947375.19,2012-08-31,-0.04190751445086699
1637,600674.XSHG,42.8434,1.591,12980123534.0,0.6201,0.9943,20474824790.2,0.0378,504603297.09,493628493.24,2012-08-31,0.048636844891476905
1638,600682.XSHG,15.9458,2.105,2766243408.0,3.9313,11.1635,5194587336.35,0.38,1420769865.17,1351596241.33,2012-08-31,0.05441235192333293
1639,600690.XSHG,9.3072,2.8821,28059582793.0,5.8937,20.4932,57358625848.3,0.69,40469693529.6,37996009444.0,2012-08-31,0.08421686487881469
1640,600703.XSHG,22.8247,3.7787,21530245400.0,4.6877,8.2046,24595016242.4,0.32,1370846029.3,1045875628.34,2012-08-31,0.026821477462860555
1641,600704.XSHG,10.9133,1.3932,5019774911.0,1.6388,7.5553,24745858832.5,0.3323,19030418167.1,18514300003.7,2012-08-31,-0.029899419862002664
1642,600705.XSHG,23.9107,3.6857,18345766717.0,1.5138,7.6157,48010245395.8,0.44,2114612614.38,1258757006.33,2012-08-31,-0.2141144952058658
1643,600739.XSHG,8.777999999999999,1.9497,19979351706.0,4.2414,5.4007,25523974376.4,0.39299999999999996,5049918084.61,4687843703.74,2012-08-31,0.031422642442899155
1644,600741.XSHG,7.064,1.2382,21569721461.0,6.5505,9.511000000000001,40846600621.1,0.626,28291302373.9,25987971268.7,2012-08-31,0.13533778877643252
1645,600795.XSHG,10.5208,1.456,39103019495.0,0.9124,4.4287,195914781374.0,0.078,26700534032.6,25570014507.1,2012-08-31,-0.0551211506902211
1646,600804.XSHG,48.9416,2.1817,7964149238.0,1.6871,3.2402,11637854039.2,0.09,1177127665.54,1098619090.48,2012-08-31,0.09914669539980188
1647,600816.XSHG,30.064,11.929,7320249621.0,11.3208,19.4405,7866575281.08,0.248,214544595.49,78286591.16,2012-08-31,-0.1004830561598879
1648,600820.XSHG,9.4331,0.9025,9363333784.0,1.564,5.0211,44656678646.4,0.39,7776811970.34,7896405081.52,2012-08-31,0.11372052832983585
1649,600827.XSHG,12.0579,1.3102,15330212193.0,2.9116,7.1578,38774489750.6,0.47,25490458025.8,24332873050.2,2012-08-31,-0.006740550314271813
1650,600886.XSHG,65.6905,1.3159999999999998,15090737406.0,0.0969,0.1632,122025255503.0,0.0183,11877429733.3,11601255957.7,2012-08-31,-0.009299757951505384
1651,600887.XSHG,18.3296,5.0391,32164747460.0,3.8806,12.276,45799313995.9,0.48,21180977542.3,20529841834.4,2012-08-31,0.05864935847036585
1652,600893.XSHG,50.6133,2.9948,12039784258.0,1.0962,2.4333,18546530541.2,0.09,2709417960.67,2596181292.07,2012-08-31,0.05882298570094927
1653,600895.XSHG,21.0383,1.8304,10949235119.0,0.4559,1.2064,23815862035.8,0.05,611698599.79,609225183.63,2012-08-31,-0.048078773969053086
1654,600900.XSHG,13.5817,1.6030000000000002,106755000000.0,1.8038,4.2218,196680835622.0,0.1725,9277919784.54,6984116498.18,2012-08-31,-0.0015300918055082876
1655,600999.XSHG,30.8107,1.8727,45632167326.0,1.3027,3.8151,103771274432.0,0.2035,2567243841.59,1397928643.2,2012-08-31,0.05413660955816047
1656,601006.XSHG,7.6907,1.4114,89052081031.0,6.34,9.633,131675811101.0,0.41,22255045433.0,15524528825.0,2012-08-31,0.018354963398043763
1657,601009.XSHG,6.1778,1.0190000000000001,23513950896.0,0.7147,9.7562,335068767813.0,0.74,4772015000.0,2072363000.0,2012-08-31,-0.045463220979501465
1658,601012.XSHG,34.9272,1.1832,3511176480.0,0.7784,1.3922,6874510705.08,0.07,798432829.56,788476233.49,2012-08-31,0.012243562783307736
1659,601018.XSHG,11.4922,1.2279,31744000000.0,4.4576,6.0258,40763516000.0,0.12,3848195000.0,2601086000.0,2012-08-31,-0.004009189603135335
1660,601099.XSHG,97.8373,4.1366,9045436421.0,1.4091,3.3013,13205051291.5,0.043,309492872.19,214461163.15,2012-08-31,0.0657826679832604
1661,601117.XSHG,10.1507,1.7699,28907380000.0,2.8591,8.5761,62520305815.9,0.27,23748338262.2,22058470718.3,2012-08-31,0.17235395126228495
1662,601118.XSHG,48.6145,2.6215,23429782736.0,1.3103,1.5811,28557252601.2,0.04,3936400614.76,3790563801.34,2012-08-31,0.005049818070527436
1663,601166.XSHG,4.3713,1.0296,132780721060.0,0.6623,13.9647,2776483616520.0,1.59,41221000000.0,18602000000.0,2012-08-31,-0.0243639212903416
1664,601169.XSHG,6.3031,0.9569,64593171016.0,0.6226,10.8596,1104305823580.0,0.79,13307297000.0,5180225000.0,2012-08-31,-0.06403892626216444
1665,601216.XSHG,18.1171,1.5469,7961600000.0,2.6374,3.8921,11125623816.9,0.1544,1748061351.6,1481734913.01,2012-08-31,0.03538737378503337
1666,601377.XSHG,47.96,2.3056,19184000000.0,1.7804,4.0743,35734454513.8,0.16,1401031707.38,919897484.22,2012-08-31,0.10205973223480956
1667,601555.XSHG,100.3976,1.9316,14220000000.0,0.8929,1.8303,25423208545.6,0.07,657548723.96,470565639.58,2012-08-31,0.20251712838844207
1668,601608.XSHG,11.6196,2.6366,10329800000.0,3.0258,10.8222,9585804202.88,0.2,3433084467.78,3015711631.49,2012-08-31,-0.002666222296283844
1669,601668.XSHG,6.3566,0.9834,90900000000.0,1.8345,7.8843,526085710000.0,0.24,253492005000.0,241490111000.0,2012-08-31,0.013209886108313326
1670,601669.XSHG,7.8296,1.0314,29856000000.0,1.2356,7.1675,179607666140.0,0.2098,55189032060.5,52736108788.3,2012-08-31,0.0032226169114146263
1671,601688.XSHG,28.2162,1.5913,47936000000.0,1.2690000000000001,3.1686,108235983131.0,0.19,3394593061.36,1995986784.29,2012-08-31,0.12617700009066296
1672,601718.XSHG,16.5037,1.161,11146730000.0,2.4387,4.0975,18598691628.9,0.1005,13834016020.0,13378931625.2,2012-08-31,0.027686532144533
1673,601788.XSHG,30.2329,1.7592,37598000000.0,1.7622,3.8294,72919249943.0,0.2427,2112610145.85,1143085252.56,2012-08-31,0.14362695303052295
1674,601818.XSHG,5.1429,1.0743,112004368300.0,0.6759999999999999,12.8817,2095082571600.0,0.32,30480000000.0,13227000000.0,2012-08-31,-0.0396996179350928
1675,601872.XSHG,237.0409,0.9061,11158542457.0,0.4475,0.7625,21430669773.6,0.0214,1562250220.27,1509963734.06,2012-08-31,-0.019248516809492446
1676,601877.XSHG,14.9455,3.3457,14602650000.0,5.9736,10.583,18703493874.5,0.54,5026606680.35,4269721052.0,2012-08-31,0.04198387699535512
1677,601888.XSHG,25.9116,4.6333,23909600000.0,8.0465,11.5536,27314740330.2,0.6459999999999999,6907235849.32,6130396354.32,2012-08-31,0.04195798732901583
1678,601901.XSHG,80.5651,1.768,24827000000.0,1.2462,2.3915,42887303134.2,0.07,1204293464.13,657310545.48,2012-08-31,0.06141031092878401
1679,601933.XSHG,47.6724,4.5189,18560143000.0,1.9772,4.7027,26449511814.1,0.125,11711831501.2,11476339978.5,2012-08-31,-0.025249999999999998
1680,601958.XSHG,52.4814,2.7168,35879840928.0,2.174,2.2974,41713889647.1,0.09,4281715960.02,3916463273.99,2012-08-31,0.05396024563374058
1681,601989.XSHG,17.3051,1.7236,70551668246.0,1.4227,6.1917,212647124896.0,0.18,29185242230.2,26517403736.4,2012-08-31,-0.012465314834578398
1682,000001.XSHE,5.465,0.8427,67269590962.0,0.4998,8.8308,1481641223310.0,0.82,19626000000.0,10789000000.0,2012-09-28,0.009759945903302229
1683,000002.XSHE,8.9364,1.6822,92689622138.0,1.4476,6.894,354360099634.0,0.34,30722991215.8,25181340052.8,2012-09-28,-0.013042370001132928
1684,000008.XSHE,23.5621,10.9612,810185288.0,0.016,0.0181,844943978.3,0.195,154890371.88,136196183.43,2012-09-28,0.01267226358308254
1685,000060.XSHE,20.9393,3.0845,16936744625.0,1.7294,3.8671,24255493592.1,0.1,8115373229.74,7770833239.57,2012-09-28,-0.08160705414803772
1686,000069.XSHE,13.0057,2.3945,40720391970.0,1.7431,6.2756,93818202938.4,0.1437,6680427109.59,5315075004.76,2012-09-28,0.05178807947019865
1687,000100.XSHE,21.2644,1.4409,16104815785.0,0.6652,2.5148,67457785233.0,0.0334,29809054000.0,29909934000.0,2012-09-28,0.042122316727419985
1688,000402.XSHE,9.8216,0.975,18162478854.0,1.9606,5.9993,63022550642.3,0.36,5138825299.38,4291375057.56,2012-09-28,-0.028331831184607473
1689,000413.XSHE,72.8514,16.7389,4580680000.0,15.144,16.2707,4455544163.16,0.11,361355746.17,240200515.94,2012-09-28,-0.00835926849970426
1690,000415.XSHE,14.0492,1.0198,7412437356.0,0.9933,2.42,20707136428.3,0.1945,1184903736.78,827722590.77,2012-09-28,0.08733886632526931
1691,000423.XSHE,29.021,6.5365,25323713913.0,10.824000000000002,12.7697,26624596439.5,0.7125,1148734913.08,635278889.48,2012-09-28,0.07076353736628943
1692,000425.XSHE,8.0185,1.3547,21968374340.0,4.2037,10.1407,52994087263.5,0.77,17961399172.3,16138445759.8,2012-09-28,-0.014095604972859459
1693,000503.XSHE,721.3186,5.274,6453543425.0,0.4302,0.8397,5341880541.09,0.0115,80063936.55,80287436.13,2012-09-28,0.06545961002785525
1694,000538.XSHE,31.4895,7.0002,43183374994.0,7.6011,12.3597,44723420360.2,1.04,6141740810.33,5309672114.21,2012-09-28,0.05305622248899563
1695,000540.XSHE,13.9081,3.4812,8171610546.0,1.689,14.2324,27083525307.9,0.2505,1391199499.2,1204965748.64,2012-09-28,0.03289768149673267
1696,000559.XSHE,17.8448,1.9515,6930696547.0,1.8694,4.3094,13581845847.4,0.10800000000000001,4094279686.75,3924974027.45,2012-09-28,-0.016064778730406223
1697,000568.XSHE,15.3653,7.3668,53833336326.0,16.9508,27.7515,62785948710.3,1.4369999999999998,5192584203.75,2483849813.96,2012-09-28,0.013766407637009195
1698,000623.XSHE,6.8543,1.4347,13497075954.0,4.18,4.6691,16036065039.8,0.48,665602132.12,560789356.77,2012-09-28,-0.053015682085439116
1699,000625.XSHE,49.63399999999999,1.6619,24713296372.0,1.4486,3.8503,45879068822.0,0.12,14044230553.8,14389673635.8,2012-09-28,0.015099388379204787
1700,000627.XSHE,-26.7312,2.7703,3925410611.0,-3.8467,-5.442,5002217242.68,-0.055999999999999994,445800145.96,477076211.29,2012-09-28,0.0068941624805128185
1701,000630.XSHE,22.839000000000002,2.7058,28048300329.0,1.2103,4.8906,53178736518.0,0.35,33722749049.0,33224447177.1,2012-09-28,-0.1039116620657326
1702,000651.XSHE,10.8986,2.897,64308163086.0,3.3859,14.4261,123333018779.0,0.96,48303311640.1,45010474839.4,2012-09-28,0.07998139398242238
1703,000671.XSHE,16.428,3.0179,5231414119.0,0.6444,5.1159,14720783554.8,0.09,1415085321.58,1289366572.05,2012-09-28,0.12702989831537406
1704,000686.XSHE,-136.0631,5.0044,15960688991.0,0.9778,3.9044,20333071625.2,0.19,609809077.8,479882255.04,2012-09-28,0.008589339991315663
1705,000709.XSHE,31.3821,0.5782,24741355165.0,0.2815,0.9201,129512021386.0,0.037000000000000005,59687562328.8,59324218749.3,2012-09-28,0.017148981779206957
1706,000723.XSHE,-626.4847,3.4213,1574678920.0,-1.5558,-2.6136,1984486257.64,-0.04,609678559.51,628045690.66,2012-09-28,-0.1010801963993454
1707,000725.XSHE,26.101,1.0408,25826145871.0,-1.5830000000000002,-3.1226,57451918017.3,-0.057999999999999996,9608882013.0,10831568433.0,2012-09-28,0.14138352741000682
1708,000728.XSHE,54.9956,1.5569,23078175000.0,1.3255,1.9975,28515950910.8,0.15,843755472.67,483544409.06,2012-09-28,-0.08424690019649035
1709,000738.XSHE,42.2404,3.0513,7806702672.0,1.7693,3.2208,11402105054.0,0.0864,987830783.68,894780632.41,2012-09-28,-0.03261002072412522
1710,000750.XSHE,245.2428,6.5011,17023539934.0,1.493,5.4986,30130070396.8,0.08,788435305.84,568473264.27,2012-09-28,0.0042167135190390006
1711,000768.XSHE,42.4394,1.9067,18037062243.0,0.1827,0.4943,30577325643.0,-0.0099,5557735790.01,5618584035.94,2012-09-28,-0.017855636476112782
1712,000776.XSHE,36.7511,2.5804,80502363910.0,1.8785,4.6141,134705863376.0,0.25,3982857697.12,2089983666.25,2012-09-28,-0.05293539670842542
1713,000783.XSHE,51.4815,1.8528,21886488334.0,1.4343,3.4698,37151254405.2,0.17,1227735172.02,707787486.19,2012-09-28,-0.0238424410002666
1714,000792.XSHE,21.3985,3.1174,46061146519.0,4.5334,9.2187,72189673203.2,0.8245,3917011856.39,2423182663.04,2012-09-28,-0.13708667501532054
1715,000826.XSHE,34.8088,6.9418,12178994831.0,4.2991,10.2666,13785417593.2,0.309,818161283.55,625238612.04,2012-09-28,-0.013089274789971793
1716,000839.XSHE,63.3419,1.7062,9783886576.0,0.7098,1.3847,16379151717.6,0.0509,877231573.39,961322843.83,2012-09-28,-0.024017741328089
1717,000858.XSHE,16.4113,4.9065,128683271808.0,13.69,20.4522,133409987156.0,1.329,15049709413.4,8115683206.93,2012-09-28,-0.008851924971977997
1718,000876.XSHE,8.6659,2.0153,21912013782.0,5.4889,9.7435,36256557672.9,0.57,35866678781.4,35384679274.4,2012-09-28,-0.05471219013171117
1719,000895.XSHE,40.0267,17.7361,66567498052.0,4.0025,6.2942,39293804638.6,0.4656,18323625087.3,16958584671.8,2012-09-28,-0.003307509881422968
1720,000938.XSHE,46.5837,2.5482,2275123200.0,0.8633,2.1336,3465430238.44,0.08800000000000001,2687276371.05,2674427375.99,2012-09-28,0.006344678789208552
1721,000959.XSHE,-12.9098,1.146,8306272960.0,-2.8784,-4.7111,16852672528.0,-0.1178,5604852073.52,6082692925.16,2012-09-28,-0.017885888034341
1722,000961.XSHE,11.1433,1.8641,11001045509.0,1.2757,8.2561,44059369946.1,0.4,5133038614.23,4470756011.79,2012-09-28,0.1740820377108832
1723,000963.XSHE,33.9107,8.4008,14975069690.0,5.3107,15.3248,17481688244.0,0.5846,7046070997.46,6634571483.55,2012-09-28,0.002607827180587244
1724,000983.XSHE,16.1942,2.6976,42226080000.0,4.5288,11.1913,69842852197.9,0.5256,15684625072.3,13226736677.1,2012-09-28,-0.055225519243205776
1725,002007.XSHE,45.6649,5.8852,14958276608.0,6.6969,7.1148,14438367989.4,0.3031,438101638.01,202647944.81,2012-09-28,-0.10361849553915127
1726,002008.XSHE,13.9079,2.7681,7770310704.0,2.6202,5.9371,10066483360.8,0.16,1742336298.3,1596920666.5,2012-09-28,0.0900473933649289
1727,002024.XSHE,12.4965,2.2272,51238319461.0,2.8889,7.7383,91276812555.7,0.25,47191067000.0,45013152000.0,2012-09-28,-0.028818656210383563
1728,002027.XSHE,-17.6958,1.9554,1163990197.0,-1.0917,-1.5169,1464040171.28,-0.0301,528389662.85,544004891.26,2012-09-28,0.012990936555891149
1729,002044.XSHE,34.903,5.8045,2123647500.0,1.4641,2.575,2131343944.04,0.043,247057637.74,233692878.88,2012-09-28,-0.06863840806869287
1730,002065.XSHE,25.7112,4.8986,12212419440.0,6.6274,9.4792,12764649684.5,0.327,1383511529.31,1179818716.57,2012-09-28,-0.16101516674066968
1731,002074.XSHE,35.3115,3.4578,1543011120.0,4.5338,9.0608,2135854601.96,0.16,396855219.71,350446932.36,2012-09-28,-0.05418888042650423
1732,002081.XSHE,31.8068,8.4035,28762711275.0,5.246,12.7034,33841864310.4,0.3559,5174252757.79,4678014700.64,2012-09-28,-0.02351661147007466
1733,002142.XSHE,6.9478,1.2812,26098575787.0,0.802,11.042,284823392879.0,0.75,4961973000.0,2247249000.0,2012-09-28,-0.011059174540029856
1734,002146.XSHE,9.4725,2.4305,16640299333.0,2.8372,12.9068,41713279907.2,0.45,5541806411.08,4452449486.72,2012-09-28,0.14286073466924787
1735,002153.XSHE,24.5366,5.7664,6584256000.0,10.9866,12.5464,8071547660.93,0.45,360634185.44,237592956.15,2012-09-28,-0.00468540829986609
1736,002174.XSHE,696.9111,5.3095,1226681432.0,0.3936,0.6121,1689928825.97,0.02,199595071.55,198636506.92,2012-09-28,0.05477103909884902
1737,002230.XSHE,71.1986,8.8862,10746053196.0,3.9131,4.8969,7724425180.98,0.15,303669725.63,263684858.56,2012-09-28,-0.015486059810117959
1738,002236.XSHE,48.1897,13.7449,22884592800.0,9.2036,14.243,18005529416.0,0.2,1296870812.88,1097639440.64,2012-09-28,0.056107866285572176
1739,002241.XSHE,47.6899,6.6997,31622543974.0,4.7856,9.2445,34126860620.0,0.22,2547890307.87,2163311697.78,2012-09-28,0.006709302781810205
1740,002252.XSHE,32.7248,7.2625,6144480000.0,6.3146,7.6579,6845794238.15,0.138,237484198.86,160617109.7,2012-09-28,0.1314586587976625
1741,002292.XSHE,56.427,5.6378,7671808000.0,4.1421,4.6064,8693571831.24,0.1,492051229.59,417274277.88,2012-09-28,0.012807435112773496
1742,002294.XSHE,25.2389,5.2456,11650003200.0,9.9582,11.5813,12094194861.8,0.39,849086642.86,555051098.39,2012-09-28,0.41637658072256
1743,002304.XSHE,25.0881,11.5242,135000000000.0,16.5869,29.381,151594454016.0,2.94,9309772422.09,5162650172.13,2012-09-28,-0.05567959613130364
1744,002310.XSHE,34.2224,8.0957,17849037262.0,5.4578,11.9062,20295149670.1,0.4,1509265738.76,1186687232.92,2012-09-28,-0.0861009556795587
1745,002352.XSHE,36.0657,2.2293,1577629911.0,2.3616,3.3868,1908167542.52,0.31,395555776.61,373961323.37,2012-09-28,-0.026153894197738985
1746,002385.XSHE,28.6191,4.6389,17106144000.0,6.7698,8.697000000000001,16453813592.4,0.19,4467580729.29,4098434962.78,2012-09-28,-0.030004811267112987
1747,002411.XSHE,35.3461,3.2457,2623860000.0,4.1995,5.7184,3180886806.01,0.13,529260620.77,480380746.28,2012-09-28,-0.05309734513274339
1748,002415.XSHE,33.0691,7.8285,55678713857.0,8.7512,10.4855,55244782913.2,0.182,2818679482.49,2078346754.96,2012-09-28,0.12191972076788828
1749,002424.XSHE,38.1482,4.0641,8166144000.0,3.2334,4.8421,8894426095.27,0.2,558761002.41,444135344.78,2012-09-28,-0.14344314136504094
1750,002426.XSHE,41.0829,1.9863,2590652700.0,2.5089,3.4226,3267915634.39,0.1111,820969134.19,764668331.89,2012-09-28,0.043243672141553585
1751,002450.XSHE,53.1338,4.7832,13371399600.0,6.197,9.4204,10918944222.7,0.22,961642839.58,748546011.64,2012-09-28,0.0834160244906575
1752,002456.XSHE,55.5016,6.5403,6925440000.0,2.9542,8.4599,8100969128.53,0.22,1286646171.47,1175727346.5,2012-09-28,0.19350846599538732
1753,002460.XSHE,49.6953,4.3261,3147000000.0,3.7533,4.4932,3977236156.86,0.22,299343023.38,265400754.82,2012-09-28,0.009042822138384345
1754,002465.XSHE,36.5051,2.1338,8911174468.0,1.9934,2.3741,7898620345.47,0.3,481856728.5,420662569.99,2012-09-28,-0.03060007018364717
1755,002466.XSHE,102.2016,4.3494,4311510000.0,1.9568,2.2026,4739931382.83,0.15,201537376.69,178648379.51,2012-09-28,0.002056832769284631
1756,002468.XSHE,-116.3819,2.4919,1792512000.0,0.5314,1.1159999999999999,2607556742.25,0.03,588193638.04,581614840.45,2012-09-28,0.0796872090858313
1757,002470.XSHE,20.3142,3.1828,10451000000.0,5.1904,9.5078,12104865069.7,0.43,5246535518.8,4917723637.56,2012-09-28,-0.018096272167933396
1758,002475.XSHE,42.9886,5.9366,11237734200.0,4.2188,5.5524,11662595218.6,0.19,1263318582.66,1108329132.32,2012-09-28,-0.016544331818711344
1759,002500.XSHE,119.0502,3.2691,19774352000.0,0.5801,1.4347,27159684937.0,0.04,490204852.0,391224401.0,2012-09-28,-0.08791699635008554
1760,002508.XSHE,21.023000000000003,2.8637,4482560000.0,5.2901,6.9253,5022105318.67,0.42,858811164.74,741073582.77,2012-09-28,0.01199436594920551
1761,002555.XSHE,77.683,1.8017,1385560000.0,0.9352,1.0242,1448138758.33,0.06,156128417.08,148029076.05,2012-09-28,0.047391044126448637
1762,002558.XSHE,30.1953,2.3756,1366120000.0,1.4809,1.5147,1358168125.83,0.21,140783647.32,132152854.63,2012-09-28,0.009575637067657362
1763,002572.XSHE,26.7204,2.7606,3742860000.0,3.3646,3.7533,4284084426.37,0.1193,426439854.93,365048368.64,2012-09-28,0.040592283830942114
1764,002601.XSHE,16.2723,2.1544,4534560000.0,5.3975,7.4622,8094343657.96,0.82,1133374749.4,953239972.13,2012-09-28,0.007866413421969061
1765,002602.XSHE,16.4153,1.2177,1892625000.0,3.6343,4.109,2495523800.07,0.24,466620229.04,391675251.92,2012-09-28,-0.011112058430670393
1766,002608.XSHE,25.3597,1.2048,2428440000.0,0.7199,1.8618,6166180615.27,0.25,1093733336.52,1061862386.81,2012-09-28,-0.03571652163025108
1767,002624.XSHE,38.0157,3.0221,1454000000.0,2.8393,4.1139,1864070455.21,0.1,180038157.81,163681151.87,2012-09-28,-0.010992069013496678
1768,002673.XSHE,171.6501,3.4048,16980000000.0,0.9805,2.5083,26065563961.4,0.1,423435028.91,286210236.3,2012-09-28,-0.012010190464636684
1769,300003.XSHE,16.7256,3.0594,7470400000.0,9.4253,9.901,10816307903.1,0.2916,506692053.75,235330333.86,2012-09-28,-0.03042920483446247
1770,300015.XSHE,39.4909,5.1756,7253856000.0,5.3341,6.615,9226925420.7,0.21,742695520.38,625537199.94,2012-09-28,-0.011189323351100565
1771,300017.XSHE,41.876000000000005,3.7101,2945492863.0,4.2109,4.5079,2545359503.59,0.23,353644504.02,320792054.45,2012-09-28,-0.0859089631919079
1772,300024.XSHE,35.7412,5.5022,6995010000.0,5.1787,6.8512,6934585459.31,0.28,513641747.47,433309450.96,2012-09-28,0.095734970750529
1773,300027.XSHE,38.2034,5.4934,9350208000.0,3.5782,6.2253,11084229224.8,0.17,449130520.36,420020330.7,2012-09-28,-0.034926762201893044
1774,300033.XSHE,41.3501,1.7149,1917888000.0,1.5524,1.7099,2457674394.94,0.14,94976323.67,77983362.25,2012-09-28,-0.028021119075008042
1775,300059.XSHE,38.1436,1.9988,3444000000.0,2.349,2.4888,4032416090.34,0.06,128221202.93,85987131.69,2012-09-28,-0.10245108578800263
1776,300070.XSHE,52.2895,5.7411,19093859400.0,2.0304,2.4483,17388706710.9,0.15,466208037.87,359154882.05,2012-09-28,0.0909916604739493
1777,300072.XSHE,37.4926,3.7204,4369368400.0,2.5799,4.5016,4898647801.7,0.1,382211564.03,319539416.76,2012-09-28,0.009795556162326415
1778,300122.XSHE,57.0678,5.2201,11832000000.0,4.4754,4.7976,10354729979.5,0.27,327989356.54,237971572.85,2012-09-28,0.06491092816432167
1779,300124.XSHE,23.6082,2.9279,7367760000.0,5.2632,5.6579,9072662085.14,0.37,528313222.7,394104382.21,2012-09-28,0.07229516747171019
1780,300136.XSHE,31.9248,2.7149,1818757600.0,2.1331,2.2533,2193510393.64,0.1136,60295436.15,45003692.29,2012-09-28,0.28222274546738874
1781,300144.XSHE,29.8016,2.6495,7306992000.0,4.1394,4.6625,8281751980.02,0.23,239641352.29,110637939.28,2012-09-28,-0.05463222908478384
1782,300251.XSHE,28.2925,3.1644,5569872000.0,4.3782,4.591,5679763263.76,0.16,278254170.11,190529274.37,2012-09-28,-0.012585313906771985
1783,300315.XSHE,62.02,4.7431,4060404600.0,5.7429,5.9102,3426558447.08,0.11,95870847.01,59679042.61,2012-09-28,-0.002214022140221486
1784,600000.XSHG,4.3564,0.8504,137662619043.0,0.6036,11.0594,3009575529600.0,0.922,40002000000.0,17496000000.0,2012-09-28,0.017634655932528245
1785,600008.XSHG,17.3637,1.7204,9020000000.0,1.0663,2.9529,22258857031.5,0.0714,1241693715.33,1046968060.77,2012-09-28,0.0
1786,600009.XSHG,14.8594,1.5213,22757379271.0,4.2254,4.9789,27603731611.6,0.39,2273684571.61,1550184510.16,2012-09-28,-0.03133241415048068
1787,600010.XSHG,229.8686,2.5648,32760582661.0,0.1318,0.5464,75251466572.6,0.04,19945895518.6,19558700048.4,2012-09-28,0.15685840707964605
1788,600015.XSHG,4.993,0.8029,55071795239.0,0.4675,9.1711,1343358643890.0,0.68,19452000000.0,11376000000.0,2012-09-28,0.039800157179746234
1789,600018.XSHG,12.3228,1.2341,55295086550.0,3.3057,5.0003,87264714543.7,0.099,13646115290.8,10558608563.5,2012-09-28,0.01647564469914039
1790,600019.XSHG,6.7441,0.7122,80205180243.0,4.2358,8.7721,178798131535.0,0.55,98100643195.0,95824679359.9,2012-09-28,0.01090676317797961
1791,600021.XSHG,16.7984,1.5585,9842800582.0,1.1709,5.0094,34094424963.6,0.1428,7142298482.14,7064877016.1,2012-09-28,0.0021724103880714717
1792,600031.XSHG,9.2632,3.2693,72899578915.0,8.8937,24.595,148718473759.0,0.68,31760307000.0,25830696000.0,2012-09-28,-0.06458280088451314
1793,600038.XSHG,42.6228,3.3527,5201937000.0,1.2776,3.0222,8244770980.06,0.1369,823111098.67,761760311.05,2012-09-28,-0.007782359984036244
1794,600048.XSHG,12.2949,2.1039,76804819647.0,1.5805,6.9968,259774368934.0,0.35,20182923033.2,15884132782.8,2012-09-28,0.03252963470687844
1795,600050.XSHG,46.2273,1.1011,78215440698.0,0.7315,1.6262,336445604206.0,0.0545,125292803978.0,121364730968.0,2012-09-28,-0.037933401991074506
1796,600061.XSHG,-146.29,3.4052,1948036548.0,-0.9023,-2.2269,3014927283.37,-0.03,1349737972.46,1359879825.09,2012-09-28,-0.006589859685300549
1797,600066.XSHG,11.5257,2.5412,15354089064.0,5.8477,12.5796,20964803094.4,0.5115,8296243064.93,7694153439.37,2012-09-28,-0.020676577669902826
1798,600068.XSHG,11.6745,1.5249,17960413732.0,1.4435,7.5323,77815244276.9,0.247,26170647833.6,25040656470.5,2012-09-28,-0.01554144020256243
1799,600074.XSHG,-23.3738,7.9044,2201931864.0,-4.5886,-30.9725,4268152068.82,-0.154,851108704.17,978691685.85,2012-09-28,0.0
1800,600085.XSHG,46.2196,6.2647,22486674553.0,6.1686,8.6968,25436443209.6,0.23600000000000002,3910437024.39,3335268607.67,2012-09-28,0.05906673114119921
1801,600089.XSHG,15.5428,1.2832,16893938574.0,1.5722,4.205,38770001137.6,0.2075,9831989841.58,9389957618.52,2012-09-28,-0.0514986325326984
1802,600100.XSHG,21.0915,1.8084,15464314620.0,0.7559999999999999,1.8151,38458951200.7,0.078,9778555451.85,9906498776.06,2012-09-28,-0.005147707979626432
1803,600104.XSHG,7.1968,1.3638,149286172157.0,5.6988,10.1819,316273902010.0,0.978,235561226437.0,221871753540.0,2012-09-28,-0.04283881156845337
1804,600109.XSHG,68.6085,4.6315,15473745658.0,2.222,6.047999999999999,19820291912.1,0.19899999999999998,805236884.2,538596938.0,2012-09-28,-0.06981660588763802
1805,600111.XSHG,26.8127,12.1426,82349496000.0,11.6249,25.2841,102363559016.0,0.648,6297136679.12,3886717850.2,2012-09-28,-0.1626462170093281
1806,600118.XSHG,39.5762,4.676,9798440894.0,2.4819,5.5386,14691169875.9,0.12,1776670695.19,1633207851.05,2012-09-28,-0.04864676996210502
1807,600153.XSHG,5.9838,1.2944,11613926346.0,2.0164,10.549000000000001,64211272422.5,0.4,40529233169.9,38989970625.1,2012-09-28,0.001938735944164546
1808,600157.XSHG,27.125,1.9444,15448470292.0,2.0253,6.6684,31023019708.1,0.2034,3044741628.5,2357178238.26,2012-09-28,-0.04463036009670451
1809,600170.XSHG,12.8504,1.8074,19727526968.0,1.0546,6.5166,73885094395.2,0.3,44243829642.5,43601513950.1,2012-09-28,-0.1430075246598308
1810,600177.XSHG,9.1749,1.3219,16588257128.0,1.8818,7.1694,54503607434.3,0.4,5427455237.01,4621198071.92,2012-09-28,-0.03760228445276314
1811,600196.XSHG,20.3442,2.0075,20357954371.0,3.8454,7.0485,28354020461.5,0.37,3494274154.83,3380995689.81,2012-09-28,-0.047701918337373854
1812,600208.XSHG,16.7974,2.0897,21655648012.0,0.7574,2.8002,53960186914.1,0.045,2254627190.67,2351036410.88,2012-09-28,-0.05201870472813958
1813,600219.XSHG,13.9862,0.8323,13055542841.0,2.0381,2.4946,17396890094.5,0.2,7400937349.74,6924871269.0,2012-09-28,-0.044475806451612934
1814,600221.XSHG,9.4801,1.6055,23328878128.0,0.6177,3.4408,85526278081.3,0.12,13891394000.0,13634407000.0,2012-09-28,0.08357033471887992
1815,600233.XSHG,13.0835,1.4529,1367850000.0,3.0001,2.8752,1947189973.49,0.1634,370883716.56,311490517.5,2012-09-28,0.06996827634825516
1816,600271.XSHG,14.6139,2.9099,14349636000.0,9.4692,10.9359,19253317597.2,0.58,6693563930.78,5932986137.75,2012-09-28,-0.05083977681479593
1817,600276.XSHG,38.7913,7.9917,37480276694.0,11.6088,12.5019,35855674276.5,0.4096,2610756328.38,1898550055.81,2012-09-28,-0.008578533259767068
1818,600297.XSHG,264.6575,2.1766,1883000000.0,0.4223,0.711,2728192814.43,0.017,467290487.79,466898515.11,2012-09-28,0.09296322621675224
1819,600309.XSHG,16.2694,4.3064,29926712525.0,6.9605,13.84,39120363462.5,0.45,7160169875.23,5721462397.29,2012-09-28,-0.010840550178298415
1820,600340.XSHG,10.2498,4.1337,15715811014.0,4.1305,38.2612,43525089328.7,1.43,4426001474.87,2760489564.38,2012-09-28,0.1666666666666666
1821,600352.XSHG,14.0299,1.2027,8590233191.0,1.6559,3.8936,15667786612.9,0.1841,4196110548.6,3952423328.63,2012-09-28,0.008565469983613933
1822,600369.XSHG,105.6091,2.1458,22180396067.0,1.6437,2.7906,32274909148.6,0.12,705423269.84,351098159.46,2012-09-28,-0.03664886063966468
1823,600372.XSHG,54.4838,6.4159,23704372031.0,3.0899,6.0141,26902446741.2,0.1595,1951488465.94,1719248234.85,2012-09-28,-0.1486429331894351
1824,600373.XSHG,17.6442,2.5015,9064575388.0,3.074,6.3373,12261429648.6,0.42,4909936204.42,4687497293.06,2012-09-28,-0.055698879747129684
1825,600376.XSHG,7.502000000000001,1.2051,14468454000.0,0.5544,2.9897,71885768514.8,0.24,3292018115.32,2960380772.73,2012-09-28,0.058884845058478574
1826,600383.XSHG,7.3952,1.0724,22491688117.0,0.7236,2.4145,97766782402.5,0.11,6473240048.13,5565958708.76,2012-09-28,0.0337935297753966
1827,600390.XSHG,-17.4398,3.2624,1773354000.0,0.1991,0.7618,2970720427.16,0.0258,405096016.49,414868410.05,2012-09-28,-0.027075812274368297
1828,600406.XSHG,31.191999999999997,8.9169,27950049211.0,4.9366,10.1648,32762489212.4,0.14,2137745983.17,1828118688.38,2012-09-28,0.0
1829,600415.XSHG,27.4708,2.2644,17935390710.0,2.1857,4.856,29927454195.8,0.14,1652084553.1,1185724908.28,2012-09-28,-0.0257962706515089
1830,600436.XSHG,46.67,11.3533,14343000000.0,9.7784,14.1562,12837672905.3,1.22,573095328.56,375251038.57,2012-09-28,-0.03670140272157338
1831,600482.XSHG,44.4771,2.9164,3568140000.0,1.2768,3.4997,5931640708.92,0.09,2300500992.06,2246531578.34,2012-09-28,-0.0284265032230794
1832,600485.XSHG,80.6527,2.1875,1035237420.0,-2.5259,-3.5686,1427104340.72,-0.124,97040054.6,117536902.5,2012-09-28,-0.01873693239693349
1833,600489.XSHG,29.3995,5.7659,53537331817.0,5.4001,9.15,50807718868.2,0.28,16248147538.6,14800318061.2,2012-09-28,-0.13139178861592613
1834,600498.XSHG,22.7486,2.3139,11702084532.0,2.7710000000000004,6.4336,17114280645.3,0.65,3699849042.58,3589827425.24,2012-09-28,-0.08367316642943855
1835,600518.XSHG,27.2326,3.532,34783663121.0,4.457,7.4153,40525966245.8,0.322,5113317054.77,4300692492.42,2012-09-28,0.07396299172535688
1836,600519.XSHG,23.5156,9.167,255184644000.0,19.699,26.4847,253610199927.0,6.74,13264437836.4,3467852031.95,2012-09-28,0.00626506236667517
1837,600522.XSHG,17.1041,1.3553,5840340009.0,2.8468,4.3961,8950883540.17,0.27,2750367683.07,2510621526.68,2012-09-28,-0.024137717888490427
1838,600535.XSHG,40.5972,7.2855,26564713061.0,6.1182,11.1408,25289159318.6,0.43,4195664902.92,3684625357.19,2012-09-28,0.02702043107410589
1839,600547.XSHG,26.2805,8.6537,59370580862.0,10.6488,22.4338,52090784593.0,0.99,25355764341.2,23443740644.2,2012-09-28,-0.10978006689028864
1840,600549.XSHG,30.9887,7.5544,27545172200.0,3.9801,9.2029,36879119966.9,0.4679,4529135469.36,3935556778.45,2012-09-28,-0.15102790973275354
1841,600570.XSHG,32.23,6.4812,7846780032.0,3.549,4.7741,8730469762.84,0.09,357891106.0,345233008.89,2012-09-28,-0.15818520234408648
1842,600583.XSHG,32.3003,2.251,21508603200.0,1.2161,2.3636,32022431004.8,0.06,4183829818.75,3941352609.94,2012-09-28,-0.023518085545317
1843,600588.XSHG,25.1087,4.9557,13795294124.0,2.6354,4.6913,16918769196.4,0.13699999999999998,1715368930.0,1636986340.0,2012-09-28,-0.21433140007588494
1844,600606.XSHG,18.4509,1.3568,2902592498.0,0.8478,2.273,7456640712.87,0.09,205348630.74,221831943.67,2012-09-28,-0.02677360832617208
1845,600637.XSHG,40.407,6.3131,17964562890.0,7.7898,9.4418,15004710910.0,0.2304,916616248.77,650851889.72,2012-09-28,-0.012400416541555057
1846,600649.XSHG,8.093,1.0856,14519364297.0,4.5067,9.5711,30331934705.4,0.42,1237273085.75,1087991365.9,2012-09-28,-0.014399787652901003
1847,600660.XSHG,9.7177,2.2895,14101023777.0,5.8955,11.9174,21329930507.2,0.37,4874089645.0,3976111887.0,2012-09-28,-0.0028295213393067773
1848,600663.XSHG,38.0516,1.7593,19218468360.0,1.5276,3.7833,38903543496.4,0.2206,1358183656.03,926947375.19,2012-09-28,-0.012624993017149895
1849,600674.XSHG,44.9269,1.6684,13611375742.0,0.6201,0.9943,20474824790.2,0.0378,504603297.09,493628493.24,2012-09-28,0.039124124439957116
1850,600682.XSHG,16.8133,2.2195,2916738516.0,3.9313,11.1635,5194587336.35,0.38,1420769865.17,1351596241.33,2012-09-28,0.03070009341311305
1851,600690.XSHG,10.091000000000001,3.1248,30422495028.0,5.8937,20.4932,57358625848.3,0.69,40469693529.6,37996009444.0,2012-09-28,0.002638103738966595
1852,600703.XSHG,23.436999999999998,3.8801,22107850911.0,4.6877,8.2046,24595016242.4,0.32,1370846029.3,1045875628.34,2012-09-28,-0.11039238922904736
1853,600704.XSHG,10.5868,1.3515,4869576921.0,1.6388,7.5553,24745858832.5,0.3323,19030418167.1,18514300003.7,2012-09-28,0.012986553432413209
1854,600705.XSHG,18.7912,2.8965,14417793428.0,1.5138,7.6157,48010245395.8,0.44,2114612614.38,1258757006.33,2012-09-28,0.1024490894411053
1855,600739.XSHG,9.0538,2.011,20607118222.0,4.2414,5.4007,25523974376.4,0.39299999999999996,5049918084.61,4687843703.74,2012-09-28,-0.08410779121281776
1856,600741.XSHG,8.02,1.4058,24488737659.0,6.5505,9.511000000000001,40846600621.1,0.626,28291302373.9,25987971268.7,2012-09-28,-0.06540409313981416
1857,600795.XSHG,9.9409,1.3758,36947734956.0,0.9124,4.4287,195914781374.0,0.078,26700534032.6,25570014507.1,2012-09-28,0.012515324887617474
1858,600804.XSHG,53.7946,2.398,8753871600.0,1.6871,3.2402,11637854039.2,0.09,1177127665.54,1098619090.48,2012-09-28,-0.10549283749169913
1859,600816.XSHG,27.0427,10.7302,6584591781.0,11.3208,19.4405,7866575281.08,0.248,214544595.49,78286591.16,2012-09-28,-0.08895630072968766
1860,600820.XSHG,10.5059,1.0051,10428234436.0,1.564,5.0211,44656678646.4,0.39,7776811970.34,7896405081.52,2012-09-28,-0.01618221618775811
1861,600827.XSHG,11.9766,1.3014,15226862448.0,2.9116,7.1578,38774489750.6,0.47,25490458025.8,24332873050.2,2012-09-28,-0.029411400478012738
1862,600886.XSHG,65.078,1.3037,14950031230.0,0.0969,0.1632,122025255503.0,0.0183,11877429733.3,11601255957.7,2012-09-28,0.11761680240034288
1863,600887.XSHG,19.4046,5.3346,34051149150.0,3.8806,12.276,45799313995.9,0.48,21180977542.3,20529841834.4,2012-09-28,0.018313976455716183
1864,600893.XSHG,53.5905,3.1710000000000003,12748006861.0,1.0962,2.4333,18546530541.2,0.09,2709417960.67,2596181292.07,2012-09-28,-0.0598238370012134
1865,600895.XSHG,20.0265,1.7424,10422680672.0,0.4559,1.2064,23815862035.8,0.05,611698599.79,609225183.63,2012-09-28,-0.034174340467894415
1866,600900.XSHG,13.5607,1.6005,106590000000.0,1.8038,4.2218,196680835622.0,0.1725,9277919784.54,6984116498.18,2012-09-28,-0.006205422176816682
1867,600999.XSHG,32.4787,1.9741,48102550235.0,1.3027,3.8151,103771274432.0,0.2035,2567243841.59,1397928643.2,2012-09-28,-0.07363963944698085
1868,601006.XSHG,7.832000000000001,1.4373,90687428095.0,6.34,9.633,131675811101.0,0.41,22255045433.0,15524528825.0,2012-09-28,-0.009839055111431586
1869,601009.XSHG,5.897,0.9726,22445134947.0,0.7147,9.7562,335068767813.0,0.74,4772015000.0,2072363000.0,2012-09-28,0.002639366552027578
1870,601012.XSHG,35.3558,1.1977,3554258400.0,0.7784,1.3922,6874510705.08,0.07,798432829.56,788476233.49,2012-09-28,-0.012095471123216944
1871,601018.XSHG,11.4458,1.2229,31616000000.0,4.4576,6.0258,40763516000.0,0.12,3848195000.0,2601086000.0,2012-09-28,-0.008095884215287213
1872,601099.XSHG,104.2763,4.4088,9640748508.0,1.4091,3.3013,13205051291.5,0.043,309492872.19,214461163.15,2012-09-28,-0.0222800670607959
1873,601117.XSHG,11.9003,2.0749,33889710000.0,2.8591,8.5761,62520305815.9,0.27,23748338262.2,22058470718.3,2012-09-28,-0.03348551661810308
1874,601118.XSHG,48.8592,2.6347,23547717884.0,1.3103,1.5811,28557252601.2,0.04,3936400614.76,3790563801.34,2012-09-28,-0.07847947082607308
1875,601166.XSHG,4.2648,1.0045,129544797719.0,0.6623,13.9647,2776483616520.0,1.59,41221000000.0,18602000000.0,2012-09-28,0.0324731410907217
1876,601169.XSHG,5.8995,0.8956,60457096033.0,0.6226,10.8596,1104305823580.0,0.79,13307297000.0,5180225000.0,2012-09-28,-0.0014305153344264926
1877,601216.XSHG,18.7579,1.6016,8243200000.0,2.6374,3.8921,11125623816.9,0.1544,1748061351.6,1481734913.01,2012-09-28,-0.05596062705067435
1878,601377.XSHG,52.855,2.5409,21142000000.0,1.7804,4.0743,35734454513.8,0.16,1401031707.38,919897484.22,2012-09-28,0.06660592467993642
1879,601555.XSHG,120.7313,2.3228,17100000000.0,0.8929,1.8303,25423208545.6,0.07,657548723.96,470565639.58,2012-09-28,-0.03625351449769013
1880,601608.XSHG,11.5888,2.6296,10302400000.0,3.0258,10.8222,9585804202.88,0.2,3433084467.78,3015711631.49,2012-09-28,0.0
1881,601668.XSHG,6.4405,0.9963,92100000000.0,1.8345,7.8843,526085710000.0,0.24,253492005000.0,241490111000.0,2012-09-28,-0.009749569871917446
1882,601669.XSHG,7.8548,1.0347,29952000000.0,1.2356,7.1675,179607666140.0,0.2098,55189032060.5,52736108788.3,2012-09-28,0.09293666727505016
1883,601688.XSHG,31.7762,1.7921,53984000000.0,1.2690000000000001,3.1686,108235983131.0,0.19,3394593061.36,1995986784.29,2012-09-28,-0.03942450345596951
1884,601718.XSHG,16.9606,1.1931,11455290000.0,2.4387,4.0975,18598691628.9,0.1005,13834016020.0,13378931625.2,2012-09-28,0.006743940990516371
1885,601788.XSHG,34.5755,2.0119,42998440000.0,1.7622,3.8294,72919249943.0,0.2427,2112610145.85,1143085252.56,2012-09-28,-0.07709942391148021
1886,601818.XSHG,4.9387,1.0316,107556541400.0,0.6759999999999999,12.8817,2095082571600.0,0.32,30480000000.0,13227000000.0,2012-09-28,0.0037499428362372453
1887,601872.XSHG,232.4824,0.8887,10943955102.0,0.4475,0.7625,21430669773.6,0.0214,1562250220.27,1509963734.06,2012-09-28,0.03530940538602868
1888,601877.XSHG,15.573,3.4862,15215700000.0,5.9736,10.583,18703493874.5,0.54,5026606680.35,4269721052.0,2012-09-28,0.028282455654954207
1889,601888.XSHG,26.9988,4.8277,24912800000.0,8.0465,11.5536,27314740330.2,0.6459999999999999,6907235849.32,6130396354.32,2012-09-28,0.07523616734143056
1890,601901.XSHG,85.5138,1.8766,26352000000.0,1.2462,2.3915,42887303134.2,0.07,1204293464.13,657310545.48,2012-09-28,-0.016190610859728453
1891,601933.XSHG,46.4692,4.4049,18091724000.0,1.9772,4.7027,26449511814.1,0.125,11711831501.2,11476339978.5,2012-09-28,0.08108306159088421
1892,601958.XSHG,55.3132,2.8634,37815803568.0,2.174,2.2974,41713889647.1,0.09,4281715960.02,3916463273.99,2012-09-28,-0.0426632191338074
1893,601989.XSHG,17.0892,1.7021,69671605856.0,1.4227,6.1917,212647124896.0,0.18,29185242230.2,26517403736.4,2012-09-28,-0.0547270133575411
1894,000001.XSHE,5.2553,0.825,67423291475.0,0.7564,13.2071,1455476087960.0,2.0,29531000000.0,16172000000.0,2012-10-31,-0.02736729318273143
1895,000002.XSHE,8.226,1.6242,91480149014.0,1.9088,9.2962,367050243282.0,0.462,46128221600.9,38638284843.2,2012-10-31,0.05168233015280865
1896,000008.XSHE,23.7715,11.0957,820496737.0,0.0259,0.0294,813287367.99,0.0012,242106635.29,209516779.17,2012-10-31,-0.11848897231346785
1897,000060.XSHE,28.8078,2.8192,15554574235.0,2.6987,5.6313,23693760132.0,0.15,12400980768.3,11794439542.0,2012-10-31,-0.014591137135052522
1898,000069.XSHE,13.0766,2.4377,42829126554.0,2.5973,9.5243,91625433814.5,0.222,10338213590.4,8253117832.24,2012-10-31,-0.028855667692086293
1899,000100.XSHE,24.8769,1.4743,16782913291.0,1.0234,4.2966,68411683083.6,0.0575,48606221722.0,48753267618.0,2012-10-31,0.0656265615457221
1900,000402.XSHE,11.1367,0.9336,17647875286.0,2.4095,7.4481,65165599803.7,0.46,8852292038.44,7545838179.27,2012-10-31,-0.015446039683819971
1901,000413.XSHE,39.0197,13.0146,4542380000.0,15.9281,35.1797,5260917331.11,0.27,578593939.24,350779291.22,2012-10-31,-0.09529491103387457
1902,000415.XSHE,15.1284,1.1392,8059756372.0,1.7807,5.1211,26412991463.7,0.3229,1868047131.4,1267227027.34,2012-10-31,-0.12914122385344945
1903,000423.XSHE,27.6112,6.8554,27115732924.0,16.6246,20.0247,25913621099.5,1.1297,1860838300.81,1059674557.21,2012-10-31,-0.09551380107860896
1904,000425.XSHE,8.6125,1.3053,21658960617.0,5.1436,12.3993,46457673390.2,0.95,24803092469.3,22542210825.3,2012-10-31,-0.04191457241808009
1905,000503.XSHE,393.3396,5.5317,6875989861.0,0.2243,0.2854,6643446684.74,0.0039,121134496.87,121006500.5,2012-10-31,0.05751633986928097
1906,000538.XSHE,30.8347,6.9244,45474454375.0,11.2971,18.527,47235305288.2,1.62,9659883123.59,8371228459.74,2012-10-31,-0.035268635376935184
1907,000540.XSHE,14.427,3.6519,8440161127.0,1.9069,17.2201,28460419649.5,0.3007,2109810370.22,1906228749.39,2012-10-31,-0.11821293929020245
1908,000559.XSHE,19.3037,1.8906,6819168097.0,2.5652,5.7372,12433303176.7,0.13699999999999998,5943919533.59,5721439335.89,2012-10-31,-0.05844298728160895
1909,000568.XSHE,14.1709,6.5993,54574418618.0,24.3363,38.2656,57849021748.2,2.1125,8009254739.23,3998256423.83,2012-10-31,-0.1419416373194508
1910,000623.XSHE,19.4147,1.3458,12781525208.0,5.2619,5.8935,14101180532.5,0.6099,1023904322.87,874044000.03,2012-10-31,-0.0944689321768805
1911,000625.XSHE,30.3917,1.6891,25086327261.0,1.8999,5.1036,47810167550.3,0.16,20221387319.8,20841073181.2,2012-10-31,-0.048327370865499264
1912,000627.XSHE,-32.3033,2.8902,3952482409.0,-3.5853,-5.0347,4516692069.11,-0.051,583240203.34,633114921.82,2012-10-31,-0.1095857418111754
1913,000630.XSHE,23.409000000000002,2.3965,25134006580.0,1.6203,6.6121,54656914317.2,0.48,52720749381.9,52023289311.4,2012-10-31,-0.06954777958614278
1914,000651.XSHE,10.2186,2.8115,69451612987.0,5.5617,25.2057,144493615443.0,1.79,77164559079.8,71503460242.1,2012-10-31,0.01645736047513251
1915,000671.XSHE,12.0593,3.0973,5896060995.0,1.9451,14.2439,15471983810.8,0.52,2977316287.01,2639079685.27,2012-10-31,0.12272196786066975
1916,000686.XSHE,1699.5164,2.2512,16097690613.0,1.0435,2.7773,23526156121.8,0.21,867299201.78,719435740.14,2012-10-31,-0.17325673693982158
1917,000709.XSHE,55.6023,0.5878,25166099460.0,0.2638,0.8589,125671825794.0,0.03,86658700984.3,86262695217.9,2012-10-31,-0.012644889357218095
1918,000723.XSHE,-40.0184,3.1474,1415535837.0,-2.9147,-4.9149,1882996922.77,-0.16,880177335.21,913832918.66,2012-10-31,-0.17551525744665347
1919,000725.XSHE,14.2491,1.1809,29476962303.0,-1.3489,-2.5136,58129614650.3,-0.047,17122908001.0,18429230830.0,2012-10-31,-0.05506382185782161
1920,000728.XSHE,44.5913,1.4303,21133716000.0,1.6681,2.4988,29915866263.6,0.19,1156120175.71,705629957.94,2012-10-31,-0.1700849388854361
1921,000738.XSHE,46.8395,2.9178,7552136281.0,2.3785,4.3772,9888012084.78,0.1177,1497957571.62,1374029683.09,2012-10-31,-0.08988721567639094
1922,000750.XSHE,84.4638,6.5342,17095217997.0,1.6748,5.8626,24445479385.9,0.09,1099457674.31,860245903.78,2012-10-31,-0.2788250049988184
1923,000768.XSHE,45.1283,1.8748,17714971846.0,0.0913,0.3889,29764435612.6,0.0166,8777755552.56,8943297215.55,2012-10-31,-0.054540769583142495
1924,000776.XSHE,32.928000000000004,2.4324,76240474056.0,2.3314,5.6668,125198098243.0,0.31,5353234014.21,3053025472.03,2012-10-31,-0.13665326589720306
1925,000783.XSHE,32.597,1.7925,21364816889.0,1.9747,4.6955,36704613168.4,0.23,1704469957.6,1022857318.13,2012-10-31,-0.1753714654872535
1926,000792.XSHE,21.0351,2.5921,39746824983.0,5.9202,12.6038,66893160255.2,1.1494,5888955716.22,3880644542.66,2012-10-31,-0.08363490397085173
1927,000826.XSHE,31.5339,6.4578,12019596944.0,6.761,15.7881,14507912976.0,0.545,1292423959.37,984202451.71,2012-10-31,-0.13551333038739147
1928,000839.XSHE,57.8538,1.6571,9548696995.0,0.9976,1.9059,15460665817.1,0.0703,1358363533.54,1488848007.0,2012-10-31,-0.10345123258306532
1929,000858.XSHE,13.9528,4.4007,127544481792.0,20.5989,29.9482,136650802603.0,2.055,21126603442.7,10427199377.0,2012-10-31,-0.1973220722336677
1930,000876.XSHE,10.1891,1.8796,20713021751.0,8.0722,14.3034,32393719807.9,0.85,55664139016.6,54977120527.8,2012-10-31,-0.11828933637382598
1931,000895.XSHE,24.4918,6.2108,66347440207.0,13.8074,21.2044,70079366433.6,1.9073,29058147237.6,26361365306.0,2012-10-31,-0.09270186926561837
1932,000938.XSHE,40.8524,2.5014,2289548800.0,2.2614,5.4012,3629841099.53,0.225,4369943061.17,4325621096.0,2012-10-31,-0.16382168845444553
1933,000959.XSHE,-17.7702,1.1183,8157946657.0,-3.0058,-4.1408,16582877313.4,-0.1039,7871590700.95,8645646753.26,2012-10-31,-0.09091240211254782
1934,000961.XSHE,12.9075,2.1026,12916301840.0,1.8674,12.2535,43256133484.2,0.61,8189818817.55,7202564691.04,2012-10-31,0.04611302857411183
1935,000963.XSHE,32.1752,7.8659,15014135089.0,7.5914,22.0182,19735423957.4,0.8719,11068013837.3,10451258955.4,2012-10-31,-0.08354701248870107
1936,000983.XSHE,17.9072,2.4651,39894192000.0,4.9245,12.7255,68338771539.8,0.6084,23239421864.1,20325554618.4,2012-10-31,-0.11137553924767986
1937,002007.XSHE,45.1277,5.2942,13408285696.0,8.8367,9.5801,15193027674.4,0.4073,673968499.22,384036436.09,2012-10-31,-0.1663142092081616
1938,002008.XSHE,10.2605,2.6126,8470056426.0,8.4565,17.6822,10607708577.8,0.512,3198315493.26,2753045242.42,2012-10-31,-0.14426759834368524
1939,002024.XSHE,13.2691,1.7607,49761710831.0,3.5491,9.2981,89846683461.0,0.3321,72431467000.0,69526229000.0,2012-10-31,-0.12758981831428445
1940,002027.XSHE,-21.7749,1.9435,1179106952.0,0.2655,0.3822,1385873704.79,0.0077,866513594.86,867829240.26,2012-10-31,-0.0974500447360573
1941,002044.XSHE,30.2107,5.019,1977885000.0,6.1535,9.7842,2313178460.74,0.16899999999999998,479068814.32,428584892.49,2012-10-31,-0.317470073462698
1942,002065.XSHE,20.3325,4.0777,10246012920.0,9.8703,14.7047,13433869779.5,0.5094,2062326530.41,1728348495.67,2012-10-31,-0.1858722598256316
1943,002074.XSHE,38.9556,3.2283,1459399680.0,5.6339999999999995,10.3249,1976424833.5,0.18,505391262.97,448786303.97,2012-10-31,-0.12153239119056244
1944,002081.XSHE,27.9607,7.56,28086398875.0,8.3102,20.7274,33750496707.1,0.9101,8782901950.28,7937354056.53,2012-10-31,-0.08386031100642136
1945,002142.XSHE,6.4022,1.2057,25810193735.0,1.1126,16.6226,341942951787.0,1.16,7625162000.0,3426406000.0,2012-10-31,-0.025684346024658567
1946,002146.XSHE,10.1459,2.5982,19017484952.0,4.0969,19.296,42037853823.2,0.7,8394533604.26,6696504108.59,2012-10-31,0.07873721262787389
1947,002153.XSHE,24.1446,5.6455,6553344000.0,12.7953,14.8686,6755645755.64,0.54,482733431.78,339067236.62,2012-10-31,-0.040092146117414726
1948,002174.XSHE,623.5657,5.5666,1293862768.0,0.4138,0.8290000000000001,1717035227.25,0.023,557152383.26,557654069.48,2012-10-31,-0.1461654542640459
1949,002230.XSHE,65.0639,8.4194,10579682210.0,6.3786,8.1923,11092793937.7,0.26,526942436.77,460544527.31,2012-10-31,-0.12937590899406196
1950,002236.XSHE,43.8037,13.2891,24168362640.0,14.5382,22.74,23830303364.4,0.68,2192882979.01,1854666091.01,2012-10-31,-0.1034653174089545
1951,002241.XSHE,42.0885,6.6104,31834548157.0,8.2268,16.77,35455061911.7,0.71,4531264610.35,3835592503.76,2012-10-31,-0.04662288564969976
1952,002252.XSHE,34.1846,7.5509,6952320000.0,12.9757,15.482999999999999,6351205610.61,0.29,420323906.49,257670365.4,2012-10-31,-0.11899769879826125
1953,002292.XSHE,53.1947,5.5439,7770112000.0,6.6105,7.4683,7859322217.75,0.25,805143182.96,683629777.1,2012-10-31,-0.17606151681800744
1954,002294.XSHE,29.7811,6.8643,16500902400.0,16.5922,19.1803,11936828306.9,1.0,1345545388.73,840443584.69,2012-10-31,-0.01822448398675348
1955,002304.XSHE,21.4865,9.536,127483200000.0,23.4359,41.5158,141684217022.0,4.47,13996989331.0,7699199766.21,2012-10-31,-0.15452345343303867
1956,002310.XSHE,29.3692,6.8606,16312145652.0,8.6083,19.5583,20863209083.3,1.38,2481464020.73,1946024971.99,2012-10-31,-0.07593728506660298
1957,002352.XSHE,32.5122,2.1919,1536379597.0,3.6023,5.1947,1882901066.91,0.47,608196366.16,573288559.33,2012-10-31,-0.05723997498757399
1958,002385.XSHE,26.6059,4.3466,16593120000.0,8.7556,11.859000000000002,18192584782.5,0.54,7292145787.4,6788061902.32,2012-10-31,-0.07487487036118494
1959,002411.XSHE,32.7675,3.0389999999999997,2484540000.0,5.0428,6.7112,2911790407.24,0.23,742393121.58,689190007.16,2012-10-31,-0.16355140186915884
1960,002415.XSHE,33.7626,8.0996,62467821102.0,14.2361,17.0524,56628318000.2,0.62,4797847375.28,3530729927.69,2012-10-31,-0.12057057524188786
1961,002424.XSHE,31.6786,3.5714,6994848000.0,4.697,7.1447,9276396117.01,0.29,832399002.58,664802243.97,2012-10-31,0.020864538722811847
1962,002426.XSHE,40.1497,2.0371,2702767500.0,3.6578,4.9446,3259222747.89,0.162,1276515089.81,1196425917.15,2012-10-31,-0.16443565561302095
1963,002450.XSHE,44.273999999999994,4.9651,14486715600.0,9.4263,15.2135,14851069365.7,0.5333,1459303292.44,1112683719.26,2012-10-31,-0.15355834437602295
1964,002456.XSHE,34.37,7.0758,8265600000.0,6.2114,18.2277,9661783807.2,1.02,2468326102.1,2241931658.19,2012-10-31,-0.13774331903662165
1965,002460.XSHE,49.0266,4.0506,3175500000.0,5.8623,6.9882,3267959913.58,0.35,457843118.05,402998162.18,2012-10-31,-0.2026326440148785
1966,002465.XSHE,34.5027,2.0493,8638519130.0,2.8067,3.2856,9230608823.85,0.42,760086190.64,665239623.06,2012-10-31,-0.12626396698602702
1967,002466.XSHE,94.1519,4.2884,4320330000.0,3.2782,3.8068,4482997812.75,0.26,306848412.77,269745358.97,2012-10-31,-0.15720670228407554
1968,002468.XSHE,-113.4222,2.6855,1935360000.0,1.1117,1.2929,2458328927.72,0.042,888852995.63,892536543.56,2012-10-31,-0.15000862217623734
1969,002470.XSHE,19.1355,2.9502,10262000000.0,8.2204,15.1605,13475914713.5,0.71,8263896162.91,7704462948.09,2012-10-31,-0.14868581473815531
1970,002475.XSHE,43.6691,5.529,11051594400.0,6.9322,9.7015,12508521138.2,0.51,2161773930.28,1877029949.2,2012-10-31,-0.17438692098092645
1971,002500.XSHE,89.9076,2.9568,17926506000.0,1.102,2.4225,25288791287.0,0.06,773358931.0,647156401.0,2012-10-31,-0.2637227329331597
1972,002508.XSHE,20.0835,2.7987,4536320000.0,7.7729,10.3497,5045587947.06,0.63,1322727096.05,1140226917.42,2012-10-31,-0.051910488658852116
1973,002555.XSHE,100.5825,1.8793,1451220000.0,1.3161,1.4343,1445205345.65,0.08199999999999999,231159706.37,219570728.15,2012-10-31,0.02124675324675321
1974,002558.XSHE,30.741999999999997,2.3196,1379210000.0,4.6748,4.7894,1375033379.31,0.48,257136564.53,229521289.94,2012-10-31,-0.11863791852389345
1975,002572.XSHE,24.5809,2.7635,3894800000.0,6.6749,7.5459,3913107530.71,0.49,784168915.32,656959526.32,2012-10-31,-0.02252031952304437
1976,002601.XSHE,20.9349,2.1403,4570280000.0,6.3982,8.8821,5393824119.05,0.98,1492900082.48,1277061118.13,2012-10-31,-0.2644911035381691
1977,002602.XSHE,17.7789,1.1868,1871625000.0,4.8998,5.5392,2114114595.38,0.3292,693511863.35,591994154.76,2012-10-31,-0.11780089665478788
1978,002608.XSHE,29.7803,1.1631,2341710000.0,1.0398,2.8413,6599892088.5,0.39,1659123273.37,1612791303.81,2012-10-31,-0.11488394741113453
1979,002624.XSHE,44.2244,2.9413,1438000000.0,4.0637,5.6769,1614754088.69,0.14,278380001.64,254417605.23,2012-10-31,-0.1376899268429938
1980,002673.XSHE,133.8339,3.3412,16776000000.0,1.5872,4.0174,22716351640.3,0.15,645650421.33,427595210.85,2012-10-31,-0.21172467022172325
1981,300003.XSHE,16.6302,2.8633,7243040000.0,12.7506,13.3495,7575355465.22,0.4004,751525453.42,377339663.57,2012-10-31,-0.11996564451356807
1982,300015.XSHE,38.6369,4.9069,7172688000.0,8.257,10.4678,7554587640.53,0.35,1219477299.55,1028369278.25,2012-10-31,-0.10005349353962636
1983,300017.XSHE,37.0264,3.3031,2692581434.0,6.3264,6.7792,2975405148.71,0.35,556212342.66,499189522.32,2012-10-31,-0.1735187889034043
1984,300024.XSHE,38.763000000000005,5.8753,7664745000.0,7.0442,9.4284,7423250235.24,0.39,755152707.37,642480088.23,2012-10-31,-0.10601843963575086
1985,300027.XSHE,38.4285,5.2135,9023616000.0,4.4278,7.8556,11022223590.4,0.22,707800581.57,643174964.67,2012-10-31,-0.132051176680091
1986,300033.XSHE,66.3348,1.6709,1864128000.0,1.3296,1.4679,2017575480.54,0.12,131379033.68,118495768.32,2012-10-31,-0.11319151518829855
1987,300059.XSHE,44.425,1.7895,3091200000.0,2.5488,2.6989,3518001027.89,0.14,171231662.28,128870471.19,2012-10-31,-0.1521140256318122
1988,300070.XSHE,56.3402,6.2037,20831164200.0,2.661,3.1996,20078171966.1,0.19,708175924.3,571883983.09,2012-10-31,-0.12324982971316127
1989,300072.XSHE,32.4462,3.6062,4412167200.0,4.7161,8.5554,5427123537.13,0.26,611124649.0,489957207.62,2012-10-31,-0.14283782870276485
1990,300122.XSHE,59.6773,5.474,12600000000.0,5.8476,6.3043,12026863372.2,0.36,496960638.2,368272734.29,2012-10-31,0.0298372396674984
1991,300124.XSHE,24.3762,3.0194,7900416000.0,8.8141,9.45,7561748703.76,0.62,860950935.91,626520229.3,2012-10-31,-0.006894363963201947
1992,300136.XSHE,60.3854,3.4478,2332116600.0,2.9106,3.1918,1920824987.17,0.1617,140134724.59,116215723.68,2012-10-31,-0.2052299103863669
1993,300144.XSHE,27.6986,2.4254,6907824000.0,7.0132,7.8374,7587162581.57,0.39,448844863.14,199284722.33,2012-10-31,-0.1163706915325374
1994,300251.XSHE,26.0227,3.0296,5499947200.0,7.192,7.564,5634367760.75,0.57,535620192.12,381910689.04,2012-10-31,-0.1192215304671797
1995,300315.XSHE,56.3215,4.6003,4027672600.0,9.0738,9.3449,4076991264.6,0.36,159261813.74,102485314.18,2012-10-31,-0.03821499013806712
1996,600000.XSHG,4.1814,0.8265,140087570327.0,0.9007,16.4012,3092109062040.0,1.401,60830000000.0,26779000000.0,2012-10-31,-0.006663213411188702
1997,600008.XSHG,17.9874,1.6865,9020000000.0,1.6389,4.5077,21394288951.5,0.11,2043917565.37,1757990456.31,2012-10-31,-0.04387219837863614
1998,600009.XSHG,14.2897,1.4333,22044404645.0,6.742999999999999,7.6507,25759295348.6,0.61,3519846594.61,2376779174.0,2012-10-31,-0.01660282190655419
1999,600010.XSHG,-614.4831,2.9656,37899497588.0,0.1476,0.6254,79604738281.2,0.04,29511946122.0,29103666694.0,2012-10-31,-0.18306559571619813
2000,600015.XSHG,4.8267,0.8046,57263707487.0,0.6824,13.5943,1422449237020.0,1.03,29372000000.0,17151000000.0,2012-10-31,0.008367974950062002
2001,600018.XSHG,12.2829,1.2221,56205293736.0,5.1643,7.7199,83550003860.9,0.1549,21438429924.8,16644017461.9,2012-10-31,-0.004087385482734183
2002,600019.XSHG,6.8527,0.7159,81080782647.0,4.7489,9.8209,183158518797.0,0.62,146086148096.0,143033905429.0,2012-10-31,0.008645884072089592
2003,600021.XSHG,12.5637,1.5129,9864197975.0,2.0662,8.3015,31228143090.8,0.2407,10808110322.1,10555468315.6,2012-10-31,-0.11496206522810115
2004,600031.XSHG,9.952,2.9605,68191481110.0,10.5242,27.5171,113338047257.0,0.77,40699468000.0,34153065000.0,2012-10-31,-0.09241990472909567
2005,600038.XSHG,43.7694,3.34,5161455000.0,1.9514,4.8312,8060146618.4,0.2184,1397379309.79,1301037042.49,2012-10-31,0.005228933431655119
2006,600048.XSHG,11.5183,2.0957,79303117684.0,2.1414,10.453,275541533382.0,0.54,31307091184.2,25213701302.1,2012-10-31,0.03239511417950091
2007,600050.XSHG,41.0112,1.0486,75247917202.0,1.1672,2.5668,327447260192.0,0.0865,190639400839.0,184166008077.0,2012-10-31,-0.10704727921498658
2008,600061.XSHG,-198.2121,3.3352,1935164059.0,-0.3044,-0.8126,3109403179.97,-0.011000000000000001,2329423400.69,2336587427.59,2012-10-31,-0.15744584837545136
2009,600066.XSHG,10.8893,2.2017,15036710099.0,9.2639,19.149,21162682414.9,0.82,13309007254.1,12285957081.2,2012-10-31,-0.024381554285360218
2010,600068.XSHG,11.6537,1.4502,17681417013.0,2.0549,10.7641,75841050998.0,0.36,40106963913.6,38478686421.4,2012-10-31,-0.06509833484845136
2011,600074.XSHG,-20.0499,9.9378,2201931864.0,-7.0223,-49.8713,4394693983.98,-0.22699999999999998,1336637802.61,1539815287.05,2012-10-31,0.21321614583333334
2012,600085.XSHG,44.8847,6.406000000000001,23814781562.0,8.8282,12.1691,25138884391.9,0.336,5836589030.34,5015152652.97,2012-10-31,-0.06342602104878661
2013,600089.XSHG,16.0202,1.1924,16024203827.0,2.1601,6.0214,40922554421.2,0.3003,14773328062.0,14160384369.3,2012-10-31,-0.04603675879249117
2014,600100.XSHG,20.5343,1.7998,15384806576.0,1.2863,3.1995,40020864184.4,0.1375,15117062206.1,15356732858.0,2012-10-31,-0.1330721131529367
2015,600104.XSHG,6.8636,1.2473,142891343512.0,8.3801,14.8726,313036156117.0,1.463,353181822270.0,334643193256.0,2012-10-31,0.08565535732700841
2016,600109.XSHG,63.2862,4.27,14393484164.0,2.5443,6.9783,21049166172.3,0.231,1136310255.37,825352480.92,2012-10-31,-0.1181392045454545
2017,600111.XSHG,33.827,9.9883,68955592680.0,12.9053,26.9516,89794507859.4,0.698,8262201480.58,5574731836.21,2012-10-31,0.08605216264377137
2018,600118.XSHG,36.3616,4.0489999999999995,9321809532.0,3.6711,8.0406,12819133103.2,0.16,2701812207.28,2482641868.62,2012-10-31,-0.02064698603500091
2019,600153.XSHG,6.2028,1.2989,11636303853.0,2.3935,13.1062,62221610342.7,0.5,62480456128.7,60598634820.5,2012-10-31,-0.03462484064833361
2020,600157.XSHG,21.9689,1.8103,14759122076.0,2.7098,10.068999999999999,34719001882.9,0.3131,4990919110.77,3917008998.68,2012-10-31,-0.0598674791063163
2021,600170.XSHG,10.9429,1.4972,16906004940.0,1.5465,9.8735,81921707570.2,0.39,65296085227.1,64375929261.3,2012-10-31,-0.0574587143442064
2022,600177.XSHG,9.9158,1.2814,15964805853.0,2.3291,8.847000000000001,51311930658.7,0.49,7716719068.94,6674043131.05,2012-10-31,-0.07809305340846759
2023,600196.XSHG,19.1456,2.2352,22807906866.0,5.8897,10.9455,29107237753.2,0.57,5387845935.96,5169344744.07,2012-10-31,-0.09332713617205572
2024,600208.XSHG,16.5448,1.9521,20529053607.0,1.0721,4.0658,52851949325.0,0.066,3457727298.04,3503423073.12,2012-10-31,-0.030499403552890426
2025,600219.XSHG,14.6519,0.7845,12475296493.0,3.2301,3.8885,16702018646.8,0.32,11177791425.1,10429461048.9,2012-10-31,-0.0418618390513566
2026,600221.XSHG,12.3073,1.0747,25278027214.0,1.9864,8.9499,88119079261.0,0.38,22121980000.0,20645540000.0,2012-10-31,-0.08918837068443371
2027,600233.XSHG,14.0738,1.5142,1463550000.0,5.7322,5.4736,1452887508.42,0.3153,635553054.17,532889863.62,2012-10-31,-0.19166058780619805
2028,600271.XSHG,13.7814,2.6471,13620150000.0,12.7745,15.0188,16816977056.1,0.81,10556687009.2,9444570544.81,2012-10-31,-0.1796520649319646
2029,600276.XSHG,36.8199,7.5235,37158769866.0,16.3816,17.5546,37815390704.5,0.5913,4039598528.95,3023547728.03,2012-10-31,-0.07288140761747944
2030,600297.XSHG,44.3345,2.3268,2058000000.0,3.1404,5.445,2334019139.67,0.1315,635561469.09,619699276.65,2012-10-31,-0.14286692223439218
2031,600309.XSHG,15.0731,3.8913,29602362317.0,11.0601,22.1656,41220969586.7,0.76,11420363881.0,8983701009.13,2012-10-31,-0.051129926044949967
2032,600340.XSHG,10.8271,4.546,18335112850.0,4.6005,43.7477,47876603097.8,1.13,6902491252.59,4919619913.06,2012-10-31,0.05194382440476186
2033,600352.XSHG,15.1907,1.1939,8663653987.0,2.7281,6.4052,15647138155.6,0.3054,5917035985.63,5514363235.61,2012-10-31,-0.07288974226423454
2034,600369.XSHG,81.1455,2.0885,21367501970.0,1.1913,2.0094,27937002382.2,0.09,811821464.72,568238677.88,2012-10-31,-0.2141269507030719
2035,600372.XSHG,47.5267,5.569,20771654691.0,3.9907,8.1035,27185408300.7,0.2002,3449608997.19,3074549250.7,2012-10-31,-0.2195460385438972
2036,600373.XSHG,17.3433,2.2375,8559727322.0,5.3939,11.4597,13751085523.5,0.77,8032887308.02,7614878991.98,2012-10-31,-0.2001255245572798
2037,600376.XSHG,7.8981,1.2704,15320418750.0,0.5821,3.2699,72555115538.4,0.26,4396384944.35,4066275951.22,2012-10-31,-0.011712688746141623
2038,600383.XSHG,6.7235,1.0992,23251844574.0,1.3077,4.4061,97738388595.6,0.21,11736660691.2,10299234530.2,2012-10-31,0.017318893539742614
2039,600390.XSHG,-16.2576,3.1639999999999997,1725339000.0,0.2446,0.7873,2618779906.2,0.0267,629201531.39,647145446.63,2012-10-31,-0.13821892393320967
2040,600406.XSHG,30.2463,8.4586,27950049211.0,7.3389999999999995,15.3346,31606353291.5,0.22,3432998733.0,2966383064.66,2012-10-31,-0.1939098128999253
2041,600415.XSHG,26.0525,2.1499,17472717505.0,3.346,7.3858,26727969283.9,0.22,2674360387.26,1936748619.07,2012-10-31,-0.05761983471074384
2042,600436.XSHG,40.3846,10.0208,13816600000.0,15.2716,22.1829,14913250693.4,1.81,898302248.36,591310604.55,2012-10-31,-0.0503584908124486
2043,600482.XSHG,43.608000000000004,2.7937,3466720000.0,1.7677,4.9148,5690712692.11,0.13,3462915948.06,3388120417.85,2012-10-31,-0.15557700674352842
2044,600485.XSHG,1956.3866,2.1529,1015835380.0,-2.7880000000000003,-3.8672,1212857363.72,-0.134,170494187.22,197766840.55,2012-10-31,-0.13643565438304148
2045,600489.XSHG,29.3962,4.9094,46503014993.0,7.7436,12.9372,61718219215.5,0.4,27036948363.4,24905527370.1,2012-10-31,-0.05379694135279911
2046,600498.XSHG,20.8125,2.0811,10722891143.0,3.6988,8.4537,17878930396.9,0.84,5915167031.46,5705674392.38,2012-10-31,-0.2240243960547005
2047,600518.XSHG,27.2555,3.6821,37356159066.0,6.2458,10.3795,41596259368.7,0.45799999999999996,7896450253.36,6743193819.47,2012-10-31,-0.13008353073182907
2048,600519.XSHG,20.3568,8.2146,256783441200.0,29.6681,37.0487,260258754408.0,10.04,19931438600.5,5247248428.45,2012-10-31,-0.1266678794042099
2049,600522.XSHG,16.382,1.3114,5699439164.0,4.3556,6.6941,8734000817.31,0.413,4183709259.75,3826889094.4,2012-10-31,-0.15699129057798902
2050,600535.XSHG,38.2631,7.0536,27282538705.0,9.2109,16.7421,29498441041.8,0.67,6494731294.86,5687453212.69,2012-10-31,-0.05602509366559205
2051,600547.XSHG,25.8301,7.2569,52852909233.0,13.7381,28.3421,64563375713.0,1.29,39199470329.9,36705605519.7,2012-10-31,-0.007538713429659963
2052,600549.XSHG,42.4365,6.2051,23385094200.0,5.4235,12.0945,34040184960.5,0.6231,6555967154.52,5781556915.8,2012-10-31,-0.14727187410044992
2053,600570.XSHG,28.2288,5.2399,6605516736.0,5.287999999999999,6.96,8035985499.05,0.14,554063303.02,544472606.76,2012-10-31,-0.03777119077734127
2054,600583.XSHG,28.628,2.1483,21002976000.0,2.4496,4.7958,30104850300.1,0.12,7673650475.53,7146948027.15,2012-10-31,-0.07036217303822928
2055,600588.XSHG,24.0973,4.0799,10838460323.0,0.2139,0.1133,16004075897.6,0.003,2456640466.0,2607892249.0,2012-10-31,-0.20957860750062085
2056,600606.XSHG,25.9326,1.3544,2824844485.0,0.4771,1.2808,6424135171.17,0.052000000000000005,271830865.8,331145311.89,2012-10-31,-0.11376881266801415
2057,600637.XSHG,36.4839,5.9916,17741815675.0,11.5393,14.1272,18428278787.4,0.35200000000000004,1446061180.62,1028419641.18,2012-10-31,-0.14186925077303256
2058,600649.XSHG,9.2859,1.0666,14310237651.0,4.921,10.3247,28137461454.8,0.45,3906237955.22,3627888541.29,2012-10-31,-0.008348669150321007
2059,600660.XSHG,9.3573,2.1339,14060964051.0,9.2945,18.0542,19886051461.3,0.58,7545999235.0,6169642053.0,2012-10-31,0.024210124233770444
2060,600663.XSHG,30.8334,1.7051,18975669440.0,2.3689,5.8738,36452358909.7,0.3457,2259316365.5,1525693624.11,2012-10-31,-0.04528052805280528
2061,600674.XSHG,33.0505,1.6574,14143994793.0,3.3132,6.0657,20417342922.4,0.2332,813601281.75,748177497.38,2012-10-31,0.06415862027084474
2062,600682.XSHG,17.5683,2.3428,3006318937.0,4.0227,11.8169,5250236309.6,0.4,1972192624.69,1894149720.82,2012-10-31,-0.09415799142682167
2063,600690.XSHG,9.5945,2.861,30503048854.0,8.3276,29.0643,60035714673.4,1.028,60627185163.8,56890276915.5,2012-10-31,-0.017607026984252674
2064,600703.XSHG,19.3287,3.3344,19667467629.0,6.4754,11.5316,27470662825.6,0.46,2352635306.2,1935578616.62,2012-10-31,-0.062406334992321774
2065,600704.XSHG,11.1089,1.3681,4932818180.0,1.9691,9.3893,24445237127.7,0.4131,27864027367.7,27307105757.3,2012-10-31,-0.10416739441785727
2066,600705.XSHG,18.4659,3.1172,15894589587.0,2.3451,11.693,54868969856.8,0.4,3184099964.87,1874990435.41,2012-10-31,-0.007649117096590506
2067,600739.XSHG,21.2265,1.8212,18873936755.0,5.6398,6.7795,24294220352.0,0.4962,7643541378.15,7139369368.6,2012-10-31,-0.06290369508292107
2068,600741.XSHG,7.456,1.268,22887153551.0,9.6105,13.6954,42489503486.1,0.9179999999999999,43281394974.7,39916754097.3,2012-10-31,0.0474128901613016
2069,600795.XSHG,9.5107,1.3359,37409604329.0,1.7691,8.476,193618065684.0,0.152,40785334850.2,38184295673.7,2012-10-31,-0.04530548408253866
2070,600804.XSHG,45.407,2.1166,7830297990.0,2.3577,4.5742,12454380727.9,0.12,1816239435.78,1723921346.41,2012-10-31,-0.035899883338636134
2071,600816.XSHG,26.7343,9.4951,5998790167.0,13.7263,22.0447,6792430493.7,0.2853,296798059.1,137444911.67,2012-10-31,-0.26268898488120945
2072,600820.XSHG,9.4863,0.9635,10259408723.0,2.3771,7.5209,43274852441.1,0.59,11952378752.1,12070993441.6,2012-10-31,0.01137867905928742
2073,600827.XSHG,12.1696,1.2496,14779013552.0,3.4357,8.7387,36922022197.2,0.58,36840251572.5,35404774398.2,2012-10-31,-0.15151321833214249
2074,600886.XSHG,25.76,1.3969999999999998,16708858433.0,1.0342,5.7234,125640402313.0,0.1215,17863621703.3,16416358890.1,2012-10-31,0.10316790672700762
2075,600887.XSHG,19.7314,4.9622,34674620895.0,7.022,21.0008,45385647138.8,0.85,32909194010.5,31579462837.5,2012-10-31,-0.0834522996710322
2076,600893.XSHG,44.3752,2.9131,11985305596.0,2.155,4.7236,17097672867.5,0.18,4807351272.89,4591748251.88,2012-10-31,-0.07909935004642514
2077,600895.XSHG,17.3561,1.6471,10066482075.0,0.9668,2.419,20999176305.5,0.1,990928789.17,1012813572.56,2012-10-31,-0.0584625791177466
2078,600900.XSHG,10.579,1.4634,105930000000.0,5.4443,12.2884,190247955924.0,0.5237,20035106797.4,10917273083.1,2012-10-31,-0.00934721772735063
2079,600999.XSHG,32.5644,1.8129,44560114365.0,1.6908,4.8682,95828835190.7,0.2611,3586082967.67,2121594888.97,2012-10-31,-0.13284315988734485
2080,601006.XSHG,7.9818,1.365,89795420606.0,9.2317,13.6114,118410111162.0,0.59,33478802188.0,23659426046.0,2012-10-31,0.04306670949780477
2081,601009.XSHG,5.867999999999999,0.9540000000000001,22504513611.0,0.9741,13.0935,329854699583.0,1.0,6807475259.25,3173199533.58,2012-10-31,0.002672303765156321
2082,601012.XSHG,56.1469,1.1898,3511176480.0,0.3984,0.6477,5554565640.28,0.03,1211764236.66,1232360146.66,2012-10-31,-0.07668582644048784
2083,601018.XSHG,11.1287,1.182,31360000000.0,6.506,8.6546,40240842000.0,0.17,5833988000.0,3951208000.0,2012-10-31,0.0
2084,601099.XSHG,220.2976,4.5509,9425774699.0,0.1718,0.3902,11992310296.6,0.005,349748063.75,315098723.82,2012-10-31,-0.15613013853165464
2085,601117.XSHG,10.519,1.9180000000000001,32755120000.0,4.3066,13.0096,70091186940.6,0.43,39100348940.2,36548958106.1,2012-10-31,0.06626039852969634
2086,601118.XSHG,79.5711,2.4116,21700067232.0,2.0794,2.4527,25234585484.2,0.06,7246929251.08,7032199454.42,2012-10-31,-0.14310104273755314
2087,601166.XSHG,4.0459,0.9778,133751498062.0,0.9858,20.815,2940779797720.0,1.63,63522000000.0,28548000000.0,2012-10-31,0.02095808383233537
2088,601169.XSHG,5.4171,0.8621,60369094438.0,0.9619,16.5592,1107488401030.0,1.19,20361718000.0,7688770000.0,2012-10-31,0.0495457721872816
2089,601216.XSHG,18.6782,1.4777,7782400000.0,4.2274,6.1919,10576948500.3,0.2485,2699640133.49,2309054664.8,2012-10-31,-0.16441397953272832
2090,601377.XSHG,50.8518,2.7042,22550000000.0,2.3701,4.9005,33072861349.3,0.19,1926169215.35,1303996235.68,2012-10-31,-0.10634103603110284
2091,601555.XSHG,71.7444,2.2257,16480000000.0,1.541,3.0744,23847056776.2,0.11,988537552.78,719607796.65,2012-10-31,-0.2160133658912736
2092,601608.XSHG,11.839,1.4486,10302400000.0,3.4474,9.6124,19773194646.7,0.22,4877658270.45,4366540041.88,2012-10-31,-0.11436925647451965
2093,601668.XSHG,6.2326,0.9461,91200000000.0,2.6959,11.4862,545907578000.0,0.36,393926420000.0,375906065000.0,2012-10-31,0.0262934362934364
2094,601669.XSHG,8.3392,1.0961,32736000000.0,1.7877,10.0869,173863870184.0,0.3001,88301551615.0,84700076878.0,2012-10-31,-0.06743261748104612
2095,601688.XSHG,28.849,1.7131,51856000000.0,1.7129,4.0172,94162460074.8,0.24,4512502271.91,2796546292.27,2012-10-31,-0.18034553356560465
2096,601718.XSHG,16.6338,1.1738,11532430000.0,3.8366,6.3517,17633640077.2,0.1577,21643578831.3,20959848398.9,2012-10-31,-0.07358174586560606
2097,601788.XSHG,35.1679,1.8793,39682980000.0,2.0802,4.4486,70872034525.3,0.28,2841976601.08,1682114872.94,2012-10-31,-0.12145155228833066
2098,601818.XSHG,4.7004,0.986,107960889300.0,0.9647,18.4875,2206193886400.0,0.47,44378000000.0,19098000000.0,2012-10-31,-0.033714520023691415
2099,601872.XSHG,374.7776,0.92,11330212341.0,0.3653,0.625,18550207647.1,0.0169,2217780244.54,2194908795.13,2012-10-31,-0.02917117507033115
2100,601877.XSHG,13.5579,3.5686,15346350000.0,10.7319,19.8905,19307403101.9,0.91,7766650075.98,6564619404.7,2012-10-31,0.04976730744317215
2101,601888.XSHG,29.5389,4.9839,26787200000.0,10.7833,15.4895,27844497083.9,0.8849,11481702943.5,10414194271.8,2012-10-31,-0.15078617996722796
2102,601901.XSHG,67.5964,1.8628,25925000000.0,1.296,2.4512,38101222200.7,0.09,1731713036.64,1089783158.22,2012-10-31,-0.12001437297879985
2103,601933.XSHG,45.4397,4.6014,19558413000.0,3.344,8.0679,24208169947.2,0.22,17890816602.2,17492947842.4,2012-10-31,-0.1295668677557108
2104,601958.XSHG,57.8516,2.7138,36202501368.0,2.7444,2.9202,38838025820.4,0.121,6465392044.01,6009007284.28,2012-10-31,-0.09180247093819004
2105,601989.XSHG,15.8435,1.5713,65858002167.0,2.0383,8.6179,202066110354.0,0.247,45098717119.2,41328421233.9,2012-10-31,-0.10246032834865323
2106,000001.XSHE,5.1116,0.8024,65578885325.0,0.7564,13.2071,1455476087960.0,2.0,29531000000.0,16172000000.0,2012-11-30,0.2515606352703571
2107,000002.XSHE,8.6511,1.7082,96208089408.0,1.9088,9.2962,367050243282.0,0.462,46128221600.9,38638284843.2,2012-11-30,0.15656848165682086
2108,000008.XSHE,20.9547,9.781,723274503.0,0.0259,0.0294,813287367.99,0.0012,242106635.29,209516779.17,2012-11-30,0.092715819359418
2109,000060.XSHE,28.3875,2.7781,15327650738.0,2.6987,5.6313,23693760132.0,0.15,12400980768.3,11794439542.0,2012-11-30,0.2180321119802388
2110,000069.XSHE,12.6992,2.3674,41592971798.0,2.5973,9.5243,91625433814.5,0.222,10338213590.4,8253117832.24,2012-11-30,0.31117203564084994
2111,000100.XSHE,26.5102,1.5711,17884821740.0,1.0234,4.2966,68411683083.6,0.0575,48606221722.0,48753267618.0,2012-11-30,0.03793049549314853
2112,000402.XSHE,10.9648,0.9192,17375438104.0,2.4095,7.4481,65165599803.7,0.46,8852292038.44,7545838179.27,2012-11-30,0.1759513374022037
2113,000413.XSHE,35.3019,11.7746,4109590000.0,15.9281,35.1797,5260917331.11,0.27,578593939.24,350779291.22,2012-11-30,0.11651376146788996
2114,000415.XSHE,13.1748,0.9921,7018968935.0,1.7807,5.1211,26412991463.7,0.3229,1868047131.4,1267227027.34,2012-11-30,0.18808742354169786
2115,000423.XSHE,24.9739,6.2006,24525807638.0,16.6246,20.0247,25913621099.5,1.1297,1860838300.81,1059674557.21,2012-11-30,0.07759974141115628
2116,000425.XSHE,8.2516,1.2506,20751347029.0,5.1436,12.3993,46457673390.2,0.95,24803092469.3,22542210825.3,2012-11-30,0.14613649704946405
2117,000503.XSHE,415.963,5.8498,7271471630.0,0.2243,0.2854,6643446684.74,0.0039,121134496.87,121006500.5,2012-11-30,0.1718170580964154
2118,000538.XSHE,29.7472,6.6802,43870698808.0,11.2971,18.527,47235305288.2,1.62,9659883123.59,8371228459.74,2012-11-30,0.07611938828765857
2119,000540.XSHE,12.722000000000001,3.2203,7442687539.0,1.9069,17.2201,28460419649.5,0.3007,2109810370.22,1906228749.39,2012-11-30,0.19244188903631626
2120,000559.XSHE,18.1761,1.7801,6420852203.0,2.5652,5.7372,12433303176.7,0.13699999999999998,5943919533.59,5721439335.89,2012-11-30,0.11418555737321802
2121,000568.XSHE,12.1594,5.6626,46828011261.0,24.3363,38.2656,57849021748.2,2.1125,8009254739.23,3998256423.83,2012-11-30,0.05703164789900029
2122,000623.XSHE,17.5806,1.2186,11574033323.0,5.2619,5.8935,14101180532.5,0.6099,1023904322.87,874044000.03,2012-11-30,0.3137581258047296
2123,000625.XSHE,28.923000000000002,1.6075,23873976873.0,1.8999,5.1036,47810167550.3,0.16,20221387319.8,20841073181.2,2012-11-30,0.2988194948229243
2124,000627.XSHE,-28.7632,2.5735,3519333652.0,-3.5853,-5.0347,4516692069.11,-0.051,583240203.34,633114921.82,2012-11-30,0.08076046215077866
2125,000630.XSHE,21.7804,2.2298,23385430330.0,1.6203,6.6121,54656914317.2,0.48,52720749381.9,52023289311.4,2012-11-30,0.1489301889739186
2126,000651.XSHE,10.3868,2.8578,70594601853.0,5.5617,25.2057,144493615443.0,1.79,77164559079.8,71503460242.1,2012-11-30,0.08648528099910803
2127,000671.XSHE,13.5393,3.4775,6619668481.0,1.9451,14.2439,15471983810.8,0.52,2977316287.01,2639079685.27,2012-11-30,0.2550775627698706
2128,000686.XSHE,1405.0713,1.8612,13308729018.0,1.0435,2.7773,23526156121.8,0.21,867299201.78,719435740.14,2012-11-30,0.22795397959349714
2129,000709.XSHE,54.8984,0.5804,24847541239.0,0.2638,0.8589,125671825794.0,0.03,86658700984.3,86262695217.9,2012-11-30,0.14532194948416932
2130,000723.XSHE,-32.9935,2.5949,1167049270.0,-2.9147,-4.9149,1882996922.77,-0.16,880177335.21,913832918.66,2012-11-30,0.2475929688190089
2131,000725.XSHE,13.4647,1.1159,27854377222.0,-1.3489,-2.5136,58129614650.3,-0.047,17122908001.0,18429230830.0,2012-11-30,0.10195227765726676
2132,000728.XSHE,37.0075,1.1871,17539413000.0,1.6681,2.4988,29915866263.6,0.19,1156120175.71,705629957.94,2012-11-30,0.24748591398616376
2133,000738.XSHE,42.6292,2.6555,6873292570.0,2.3785,4.3772,9888012084.78,0.1177,1497957571.62,1374029683.09,2012-11-30,0.17832516407742788
2134,000750.XSHE,60.9131,4.7123,12328626815.0,1.6748,5.8626,24445479385.9,0.09,1099457674.31,860245903.78,2012-11-30,0.7427282351161971
2135,000768.XSHE,45.7014,1.8986,17939921281.0,0.0913,0.3889,29764435612.6,0.0166,8777755552.56,8943297215.55,2012-11-30,0.2307634073221695
2136,000776.XSHE,28.4285,2.1,65822521080.0,2.3314,5.6668,125198098243.0,0.31,5353234014.21,3053025472.03,2012-11-30,0.3866952402888072
2137,000783.XSHE,26.8808,1.4781,17618267424.0,1.9747,4.6955,36704613168.4,0.23,1704469957.6,1022857318.13,2012-11-30,0.2651560805110282
2138,000792.XSHE,19.2758,2.3753,36422660749.0,5.9202,12.6038,66893160255.2,1.1494,5888955716.22,3880644542.66,2012-11-30,0.1703046762856585
2139,000826.XSHE,27.2605,5.5827,10390749782.0,6.761,15.7881,14507912976.0,0.545,1292423959.37,984202451.71,2012-11-30,0.2311722610325439
2140,000839.XSHE,51.869,1.4857,8560900754.0,0.9976,1.9059,15460665817.1,0.0703,1358363533.54,1488848007.0,2012-11-30,0.10257268553940306
2141,000858.XSHE,11.1996,3.5324,102377222438.0,20.5989,29.9482,136650802603.0,2.055,21126603442.7,10427199377.0,2012-11-30,0.04671930533977483
2142,000876.XSHE,8.9838,1.6572,18262907601.0,8.0722,14.3034,32393719807.9,0.85,55664139016.6,54977120527.8,2012-11-30,0.18838356164383555
2143,000895.XSHE,22.2213,5.6351,60196823445.0,13.8074,21.2044,70079366433.6,1.9073,29058147237.6,26361365306.0,2012-11-30,0.05831095445899059
2144,000938.XSHE,34.1601,2.0917,1914483200.0,2.2614,5.4012,3629841099.53,0.225,4369943061.17,4325621096.0,2012-11-30,0.13132849506757638
2145,000959.XSHE,-16.1547,1.0167,7416315143.0,-3.0058,-4.1408,16582877313.4,-0.1039,7871590700.95,8645646753.26,2012-11-30,0.1000040065707761
2146,000961.XSHE,13.5027,2.1996,13511899845.0,1.8674,12.2535,43256133484.2,0.61,8189818817.55,7202564691.04,2012-11-30,0.18583772864998324
2147,000963.XSHE,29.487,7.2087,13759701715.0,7.5914,22.0182,19735423957.4,0.8719,11068013837.3,10451258955.4,2012-11-30,0.07255099302200756
2148,000983.XSHE,15.9128,2.1905,35451000000.0,4.9245,12.7255,68338771539.8,0.6084,23239421864.1,20325554618.4,2012-11-30,0.2364458775583321
2149,002007.XSHE,37.6225,4.4138,11178373120.0,8.8367,9.5801,15193027674.4,0.4073,673968499.22,384036436.09,2012-11-30,0.0845395989888146
2150,002008.XSHE,8.7802,2.2357,7248112404.0,8.4565,17.6822,10607708577.8,0.512,3198315493.26,2753045242.42,2012-11-30,0.17867565891941745
2151,002024.XSHE,11.575999999999999,1.536,43412293722.0,3.5491,9.2981,89846683461.0,0.3321,72431467000.0,69526229000.0,2012-11-30,0.13093933225464102
2152,002027.XSHE,-19.6532,1.7542,1064219608.0,0.2655,0.3822,1385873704.79,0.0077,866513594.86,867829240.26,2012-11-30,0.156216439487815
2153,002044.XSHE,20.62,3.4257,1349985000.0,6.1535,9.7842,2313178460.74,0.16899999999999998,479068814.32,428584892.49,2012-11-30,0.20433104631217847
2154,002065.XSHE,16.5535,3.3198,8341703448.0,9.8703,14.7047,13433869779.5,0.5094,2062326530.41,1728348495.67,2012-11-30,0.16296017517449013
2155,002074.XSHE,34.2214,2.8360000000000003,1282042080.0,5.6339999999999995,10.3249,1976424833.5,0.18,505391262.97,448786303.97,2012-11-30,0.07709054242958963
2156,002081.XSHE,25.6158,6.926,25730966033.0,8.3102,20.7274,33750496707.1,0.9101,8782901950.28,7937354056.53,2012-11-30,0.3299051561349791
2157,002142.XSHE,6.2377,1.1747,25146915013.0,1.1126,16.6226,341942951787.0,1.16,7625162000.0,3426406000.0,2012-11-30,0.2224722348375377
2158,002146.XSHE,10.9448,2.8028,20514924712.0,4.0969,19.296,42037853823.2,0.7,8394533604.26,6696504108.59,2012-11-30,0.27646123098258346
2159,002153.XSHE,23.1765,5.4191,6290592000.0,12.7953,14.8686,6755645755.64,0.54,482733431.78,339067236.62,2012-11-30,0.0673155752977477
2160,002174.XSHE,532.4291,4.753,1104759748.0,0.4138,0.8290000000000001,1717035227.25,0.023,557152383.26,557654069.48,2012-11-30,0.11413228196587595
2161,002230.XSHE,56.6461,7.3301,9210902739.0,6.3786,8.1923,11092793937.7,0.26,526942436.77,460544527.31,2012-11-30,0.2438419714203631
2162,002236.XSHE,39.2715,11.9142,21667802256.0,14.5382,22.74,23830303364.4,0.68,2192882979.01,1854666091.01,2012-11-30,0.19397049559008808
2163,002241.XSHE,40.1264,6.3022,30350518874.0,8.2268,16.77,35455061911.7,0.71,4531264610.35,3835592503.76,2012-11-30,0.053369035330669286
2164,002252.XSHE,30.1162,6.6522,6124896000.0,12.9757,15.482999999999999,6351205610.61,0.29,420323906.49,257670365.4,2012-11-30,0.08869282563269086
2165,002292.XSHE,43.8288,4.5678,6402048000.0,6.6105,7.4683,7859322217.75,0.25,805143182.96,683629777.1,2012-11-30,0.2085605075767864
2166,002294.XSHE,29.2384,6.7392,16200172800.0,16.5922,19.1803,11936828306.9,1.0,1345545388.73,840443584.69,2012-11-30,0.03040053177948123
2167,002304.XSHE,18.1663,8.0624,107784000000.0,23.4359,41.5158,141684217022.0,4.47,13996989331.0,7699199766.21,2012-11-30,-0.064428927969536
2168,002310.XSHE,27.1392,6.3397,15073591826.0,8.6083,19.5583,20863209083.3,1.38,2481464020.73,1946024971.99,2012-11-30,0.25330761168410965
2169,002352.XSHE,30.6511,2.0664,1448430816.0,3.6023,5.1947,1882901066.91,0.47,608196366.16,573288559.33,2012-11-30,0.09296076463885436
2170,002385.XSHE,24.6137,4.0211,15350640000.0,8.7556,11.859000000000002,18192584782.5,0.54,7292145787.4,6788061902.32,2012-11-30,0.12794579972217493
2171,002411.XSHE,27.4083,2.542,2078190000.0,5.0428,6.7112,2911790407.24,0.23,742393121.58,689190007.16,2012-11-30,0.12401212699277835
2172,002415.XSHE,29.6915,7.122999999999999,54935527561.0,14.2361,17.0524,56628318000.2,0.62,4797847375.28,3530729927.69,2012-11-30,0.13747236225347126
2173,002424.XSHE,32.3391,3.6459,7140672000.0,4.697,7.1447,9276396117.01,0.29,832399002.58,664802243.97,2012-11-30,0.042157470551766836
2174,002426.XSHE,33.5473,1.7021,2258312400.0,3.6578,4.9446,3259222747.89,0.162,1276515089.81,1196425917.15,2012-11-30,0.11350810121973424
2175,002450.XSHE,37.4757,4.2027,12262279800.0,9.4263,15.2135,14851069365.7,0.5333,1459303292.44,1112683719.26,2012-11-30,0.2278985173588727
2176,002456.XSHE,29.6356,6.1011,7127040000.0,6.2114,18.2277,9661783807.2,1.02,2468326102.1,2241931658.19,2012-11-30,0.1306676870097569
2177,002460.XSHE,39.8216,3.2901,2579280880.0,5.8623,6.9882,3267959913.58,0.35,457843118.05,402998162.18,2012-11-30,0.14393445000362565
2178,002465.XSHE,30.1467,1.7906,7547897777.0,2.8067,3.2856,9230608823.85,0.42,760086190.64,665239623.06,2012-11-30,0.27092942963679056
2179,002466.XSHE,79.3515,3.6143,3641190000.0,3.2782,3.8068,4482997812.75,0.26,306848412.77,269745358.97,2012-11-30,0.29996199951635755
2180,002468.XSHE,-96.4088,2.2827,1645056000.0,1.1117,1.2929,2458328927.72,0.042,888852995.63,892536543.56,2012-11-30,0.10924915298938953
2181,002470.XSHE,16.29,2.5115,8736000000.0,8.2204,15.1605,13475914713.5,0.71,8263896162.91,7704462948.09,2012-11-30,0.15943380516236466
2182,002475.XSHE,36.0544,4.5649,9124500000.0,6.9322,9.7015,12508521138.2,0.51,2161773930.28,1877029949.2,2012-11-30,0.10721767828956802
2183,002500.XSHE,66.197,2.1771,13198900000.0,1.102,2.4225,25288791287.0,0.06,773358931.0,647156401.0,2012-11-30,0.33273788031394297
2184,002508.XSHE,19.0408,2.6534,4300800000.0,7.7729,10.3497,5045587947.06,0.63,1322727096.05,1140226917.42,2012-11-30,0.09225617029085227
2185,002555.XSHE,102.7186,1.9192,1482040000.0,1.3161,1.4343,1445205345.65,0.08199999999999999,231159706.37,219570728.15,2012-11-30,-0.037997863573935586
2186,002558.XSHE,27.0949,2.0444,1215585000.0,4.6748,4.7894,1375033379.31,0.48,257136564.53,229521289.94,2012-11-30,0.17377241987650707
2187,002572.XSHE,24.0272,2.7012,3807060000.0,6.6749,7.5459,3913107530.71,0.49,784168915.32,656959526.32,2012-11-30,0.4052940055274946
2188,002601.XSHE,15.3976,1.5742,3361440000.0,6.3982,8.8821,5393824119.05,0.98,1492900082.48,1277061118.13,2012-11-30,0.287455962421266
2189,002602.XSHE,15.6843,1.0469,1651125000.0,4.8998,5.5392,2114114595.38,0.3292,693511863.35,591994154.76,2012-11-30,0.15262077727465215
2190,002608.XSHE,26.3592,1.0295,2072700000.0,1.0398,2.8413,6599892088.5,0.39,1659123273.37,1612791303.81,2012-11-30,0.2453971979755007
2191,002624.XSHE,38.1351,2.5363,1240000000.0,4.0637,5.6769,1614754088.69,0.14,278380001.64,254417605.23,2012-11-30,0.12095997911670185
2192,002673.XSHE,105.4971,2.6337,13224000000.0,1.5872,4.0174,22716351640.3,0.15,645650421.33,427595210.85,2012-11-30,0.3811918643464329
2193,300003.XSHE,14.6353,2.5199,6374200000.0,12.7506,13.3495,7575355465.22,0.4004,751525453.42,377339663.57,2012-11-30,0.16562475271029503
2194,300015.XSHE,34.7709,4.4159,6454992000.0,8.257,10.4678,7554587640.53,0.35,1219477299.55,1028369278.25,2012-11-30,0.1257401522598934
2195,300017.XSHE,30.6008,2.7299,2225312147.0,6.3264,6.7792,2975405148.71,0.35,556212342.66,499189522.32,2012-11-30,0.17052533705253373
2196,300024.XSHE,34.6534,5.2524,6852133200.0,7.0442,9.4284,7423250235.24,0.39,755152707.37,642480088.23,2012-11-30,0.17159738252048873
2197,300027.XSHE,33.3545,4.5251,7832160000.0,4.4278,7.8556,11022223590.4,0.22,707800581.57,643174964.67,2012-11-30,0.10040718411666308
2198,300033.XSHE,58.8261,1.4818,1653120000.0,1.3296,1.4679,2017575480.54,0.12,131379033.68,118495768.32,2012-11-30,0.10892105533312813
2199,300059.XSHE,37.6647,1.5172,2620800000.0,2.5488,2.6989,3518001027.89,0.14,171231662.28,128870471.19,2012-11-30,0.20257098460234493
2200,300070.XSHE,49.3962,5.4391,18263691600.0,2.661,3.1996,20078171966.1,0.19,708175924.3,571883983.09,2012-11-30,0.20710144302012745
2201,300072.XSHE,27.811,3.0911,3781857600.0,4.7161,8.5554,5427123537.13,0.26,611124649.0,489957207.62,2012-11-30,0.2294164037854889
2202,300122.XSHE,61.4581,5.6373,12976000000.0,5.8476,6.3043,12026863372.2,0.36,496960638.2,368272734.29,2012-11-30,0.023436813497194262
2203,300124.XSHE,24.2082,2.9986,7845984000.0,8.8141,9.45,7561748703.76,0.62,860950935.91,626520229.3,2012-11-30,0.18682254732852066
2204,300136.XSHE,47.9907,2.7401,1853426000.0,2.9106,3.1918,1920824987.17,0.1617,140134724.59,116215723.68,2012-11-30,0.1503234750462107
2205,300144.XSHE,24.4753,2.1431,6103944000.0,7.0132,7.8374,7587162581.57,0.39,448844863.14,199284722.33,2012-11-30,0.16167409764075896
2206,300251.XSHE,22.9196,2.6683,4844100800.0,7.192,7.564,5634367760.75,0.57,535620192.12,381910689.04,2012-11-30,0.7416374464295653
2207,300315.XSHE,54.1703,4.4246,3873832200.0,9.0738,9.3449,4076991264.6,0.36,159261813.74,102485314.18,2012-11-30,-0.03419635990771596
2208,600000.XSHG,4.1536,0.821,139154896756.0,0.9007,16.4012,3092109062040.0,1.401,60830000000.0,26779000000.0,2012-11-30,0.3297542013321009
2209,600008.XSHG,17.1977,1.6125,8624000000.0,1.6389,4.5077,21394288951.5,0.11,2043917565.37,1757990456.31,2012-11-30,0.11476863397062903
2210,600009.XSHG,14.0524,1.4095,21678282540.0,6.742999999999999,7.6507,25759295348.6,0.61,3519846594.61,2376779174.0,2012-11-30,0.10755466617448498
2211,600010.XSHG,-502.0014,2.4227,30961962436.0,0.1476,0.6254,79604738281.2,0.04,29511946122.0,29103666694.0,2012-11-30,0.12038391759817405
2212,600015.XSHG,4.8671,0.8113,57743188292.0,0.6824,13.5943,1422449237020.0,1.03,29372000000.0,17151000000.0,2012-11-30,0.2277545775778993
2213,600018.XSHG,12.2332,1.2171,55977741939.0,5.1643,7.7199,83550003860.9,0.1549,21438429924.8,16644017461.9,2012-11-30,0.06911029342390795
2214,600019.XSHG,6.9119,0.722,81781264571.0,4.7489,9.8209,183158518797.0,0.62,146086148096.0,143033905429.0,2012-11-30,0.04710853555475071
2215,600021.XSHG,11.1193,1.339,8730136169.0,2.0662,8.3015,31228143090.8,0.2407,10808110322.1,10555468315.6,2012-11-30,0.13727072838097354
2216,600031.XSHG,9.0322,2.6869,61888705017.0,10.5242,27.5171,113338047257.0,0.77,40699468000.0,34153065000.0,2012-11-30,0.2993808981557833
2217,600038.XSHG,43.9983,3.3575,5188443000.0,1.9514,4.8312,8060146618.4,0.2184,1397379309.79,1301037042.49,2012-11-30,0.22366788929643225
2218,600048.XSHG,11.8915,2.1636,81872795665.0,2.1414,10.453,275541533382.0,0.54,31307091184.2,25213701302.1,2012-11-30,0.18569958847736612
2219,600050.XSHG,36.6212,0.9363,67193210572.0,1.1672,2.5668,327447260192.0,0.0865,190639400839.0,184166008077.0,2012-11-30,0.104095904095904
2220,600061.XSHG,-167.00799999999998,2.8101,1630515172.0,-0.3044,-0.8126,3109403179.97,-0.011000000000000001,2329423400.69,2336587427.59,2012-11-30,0.14739435488190247
2221,600066.XSHG,10.6237,2.148,14669961072.0,9.2639,19.149,21162682414.9,0.82,13309007254.1,12285957081.2,2012-11-30,0.2115332708826191
2222,600068.XSHG,10.8952,1.3558,16530555551.0,2.0549,10.7641,75841050998.0,0.36,40106963913.6,38478686421.4,2012-11-30,0.15823550337958028
2223,600074.XSHG,-24.3248,12.0567,2671412832.0,-7.0223,-49.8713,4394693983.98,-0.22699999999999998,1336637802.61,1539815287.05,2012-11-30,0.0
2224,600085.XSHG,42.038000000000004,5.9997,22304385355.0,8.8282,12.1691,25138884391.9,0.336,5836589030.34,5015152652.97,2012-11-30,0.04028056234346348
2225,600089.XSHG,15.2824,1.1375,15286247072.0,2.1601,6.0214,40922554421.2,0.3003,14773328062.0,14160384369.3,2012-11-30,0.1137887074885882
2226,600100.XSHG,17.8017,1.5603,13337474435.0,1.2863,3.1995,40020864184.4,0.1375,15117062206.1,15356732858.0,2012-11-30,0.11475771271988534
2227,600104.XSHG,7.4515,1.3542,155129722470.0,8.3801,14.8726,313036156117.0,1.463,353181822270.0,334643193256.0,2012-11-30,0.2537235457274213
2228,600109.XSHG,55.8097,3.7656,12693072554.0,2.5443,6.9783,21049166172.3,0.231,1136310255.37,825352480.92,2012-11-30,0.4058276822962808
2229,600111.XSHG,36.7381,10.8479,74889600480.0,12.9053,26.9516,89794507859.4,0.698,8262201480.58,5574731836.21,2012-11-30,0.21119099469983985
2230,600118.XSHG,35.6108,3.9654,9129323789.0,3.6711,8.0406,12819133103.2,0.16,2701812207.28,2482641868.62,2012-11-30,0.22790994308268056
2231,600153.XSHG,5.9881,1.2539,11233508720.0,2.3935,13.1062,62221610342.7,0.5,62480456128.7,60598634820.5,2012-11-30,0.4004055934161812
2232,600157.XSHG,20.6534,1.7019,13875342311.0,2.7098,10.068999999999999,34719001882.9,0.3131,4990919110.77,3917008998.68,2012-11-30,0.19872498671861155
2233,600170.XSHG,10.3142,1.4111,15934661291.0,1.5465,9.8735,81921707570.2,0.39,65296085227.1,64375929261.3,2012-11-30,0.133507095279467
2234,600177.XSHG,9.1413,1.1814,14717903304.0,2.3291,8.847000000000001,51311930658.7,0.49,7716719068.94,6674043131.05,2012-11-30,0.1951641694163465
2235,600196.XSHG,17.3589,2.0266,20679467620.0,5.8897,10.9455,29107237753.2,0.57,5387845935.96,5169344744.07,2012-11-30,0.13651085842110164
2236,600208.XSHG,16.0404,1.8926,19903167826.0,1.0721,4.0658,52851949325.0,0.066,3457727298.04,3503423073.12,2012-11-30,0.3553589837384857
2237,600219.XSHG,14.0386,0.7517,11953074779.0,3.2301,3.8885,16702018646.8,0.32,11177791425.1,10429461048.9,2012-11-30,0.10358951772737277
2238,600221.XSHG,11.21,0.9789,23024323583.0,1.9864,8.9499,88119079261.0,0.38,22121980000.0,20645540000.0,2012-11-30,0.11909116098642288
2239,600233.XSHG,11.3764,1.224,1183050000.0,5.7322,5.4736,1452887508.42,0.3153,635553054.17,532889863.62,2012-11-30,0.1631928272007452
2240,600271.XSHG,11.3054,2.1715,11173140000.0,12.7745,15.0188,16816977056.1,0.81,10556687009.2,9444570544.81,2012-11-30,0.22477856792099374
2241,600276.XSHG,34.1366,6.9752,34450693127.0,16.3816,17.5546,37815390704.5,0.5913,4039598528.95,3023547728.03,2012-11-30,0.08040324967930798
2242,600297.XSHG,38.001,1.9944,1764000000.0,3.1404,5.445,2334019139.67,0.1315,635561469.09,619699276.65,2012-11-30,0.09324335117003428
2243,600309.XSHG,14.3024,3.6924,28088728013.0,11.0601,22.1656,41220969586.7,0.76,11420363881.0,8983701009.13,2012-11-30,0.2016999196717397
2244,600340.XSHG,11.3896,4.7822,19287586245.0,4.6005,43.7477,47876603097.8,1.13,6902491252.59,4919619913.06,2012-11-30,0.2908064777566569
2245,600352.XSHG,14.0836,1.1069,8032235137.0,2.7281,6.4052,15647138155.6,0.3054,5917035985.63,5514363235.61,2012-11-30,0.10968615580691407
2246,600369.XSHG,63.7698,1.6413,16792069483.0,1.1913,2.0094,27937002382.2,0.09,811821464.72,568238677.88,2012-11-30,0.2351067313703891
2247,600372.XSHG,37.0925,4.3463,16211363075.0,3.9907,8.1035,27185408300.7,0.2002,3449608997.19,3074549250.7,2012-11-30,0.3230426479949077
2248,600373.XSHG,13.8724,1.7897,6846647367.0,5.3939,11.4597,13751085523.5,0.77,8032887308.02,7614878991.98,2012-11-30,0.18143914334507755
2249,600376.XSHG,7.8056,1.2555,15141057750.0,0.5821,3.2699,72555115538.4,0.26,4396384944.35,4066275951.22,2012-11-30,0.29515641618692273
2250,600383.XSHG,6.8399,1.1183,23654280346.0,1.3077,4.4061,97738388595.6,0.21,11736660691.2,10299234530.2,2012-11-30,0.32702732121476
2251,600390.XSHG,-14.0105,2.7267,1486864500.0,0.2446,0.7873,2618779906.2,0.0267,629201531.39,647145446.63,2012-11-30,0.14531754574811642
2252,600406.XSHG,24.3812,6.8184,22530197504.0,7.3389999999999995,15.3346,31606353291.5,0.22,3432998733.0,2966383064.66,2012-11-30,0.12097504135498692
2253,600415.XSHG,24.551,2.026,16465722882.0,3.346,7.3858,26727969283.9,0.22,2674360387.26,1936748619.07,2012-11-30,0.0975199073911671
2254,600436.XSHG,38.3509,9.5162,13120800000.0,15.2716,22.1829,14913250693.4,1.81,898302248.36,591310604.55,2012-11-30,0.16218570217057462
2255,600482.XSHG,36.8233,2.359,2927350000.0,1.7677,4.9148,5690712692.11,0.13,3462915948.06,3388120417.85,2012-11-30,0.2062986040670436
2256,600485.XSHG,1689.4853,1.8592,877249380.0,-2.7880000000000003,-3.8672,1212857363.72,-0.134,170494187.22,197766840.55,2012-11-30,0.13113483590351924
2257,600489.XSHG,27.8148,4.6453,44001270515.0,7.7436,12.9372,61718219215.5,0.4,27036948363.4,24905527370.1,2012-11-30,0.11236919105622488
2258,600498.XSHG,16.15,1.6149,8320731994.0,3.6988,8.4537,17878930396.9,0.84,5915167031.46,5705674392.38,2012-11-30,0.3194272170164689
2259,600518.XSHG,23.7102,3.2032,32497000059.0,6.2458,10.3795,41596259368.7,0.45799999999999996,7896450253.36,6743193819.47,2012-11-30,-0.11095505617977522
2260,600519.XSHG,17.7782,7.1741,224257261800.0,29.6681,37.0487,260258754408.0,10.04,19931438600.5,5247248428.45,2012-11-30,-0.032359115474429316
2261,600522.XSHG,13.8103,1.1056,4804718801.0,4.3556,6.6941,8734000817.31,0.413,4183709259.75,3826889094.4,2012-11-30,0.1569238860921181
2262,600535.XSHG,36.1192,6.6584,25753931577.0,9.2109,16.7421,29498441041.8,0.67,6494731294.86,5687453212.69,2012-11-30,0.10827865138369107
2263,600547.XSHG,25.6353,7.2022,52454448959.0,13.7381,28.3421,64563375713.0,1.29,39199470329.9,36705605519.7,2012-11-30,0.035269219766760444
2264,600549.XSHG,36.1867,5.2913,19941095200.0,5.4235,12.0945,34040184960.5,0.6231,6555967154.52,5781556915.8,2012-11-30,0.333103661948384
2265,600570.XSHG,27.1626,5.042,6356016576.0,5.287999999999999,6.96,8035985499.05,0.14,554063303.02,544472606.76,2012-11-30,0.10009131137177782
2266,600583.XSHG,26.6134,1.9971,19524988800.0,2.4496,4.7958,30104850300.1,0.12,7673650475.53,7146948027.15,2012-11-30,0.1693180096530527
2267,600588.XSHG,19.0471,3.2248,8566985350.0,0.2139,0.1133,16004075897.6,0.003,2456640466.0,2607892249.0,2012-11-30,0.12685694335340825
2268,600606.XSHG,22.9824,1.2003,2503486030.0,0.4771,1.2808,6424135171.17,0.052000000000000005,271830865.8,331145311.89,2012-11-30,0.2857079597033101
2269,600637.XSHG,31.3079,5.1415,15224772145.0,11.5393,14.1272,18428278787.4,0.35200000000000004,1446061180.62,1028419641.18,2012-11-30,0.16093626323922958
2270,600649.XSHG,9.2084,1.0577,14190736711.0,4.921,10.3247,28137461454.8,0.45,3906237955.22,3627888541.29,2012-11-30,0.15158647535418468
2271,600660.XSHG,9.5839,2.1856,14401471727.0,9.2945,18.0542,19886051461.3,0.58,7545999235.0,6169642053.0,2012-11-30,0.21975562975065716
2272,600663.XSHG,29.4374,1.6279,18116534800.0,2.3689,5.8738,36452358909.7,0.3457,2259316365.5,1525693624.11,2012-11-30,0.22680941845764854
2273,600674.XSHG,35.1709,1.7637,15051419842.0,3.3132,6.0657,20417342922.4,0.2332,813601281.75,748177497.38,2012-11-30,0.09567152680685928
2274,600682.XSHG,15.914000000000001,2.1222,2723244806.0,4.0227,11.8169,5250236309.6,0.4,1972192624.69,1894149720.82,2012-11-30,0.06973851437224515
2275,600690.XSHG,9.4256,2.8106,29966023346.0,8.3276,29.0643,60035714673.4,1.028,60627185163.8,56890276915.5,2012-11-30,0.2007330138144912
2276,600703.XSHG,18.1225,3.1263,18440055920.0,6.4754,11.5316,27470662825.6,0.46,2352635306.2,1935578616.62,2012-11-30,0.07125661062435876
2277,600704.XSHG,9.9517,1.2256,4418982953.0,1.9691,9.3893,24445237127.7,0.4131,27864027367.7,27307105757.3,2012-11-30,0.30586859036849295
2278,600705.XSHG,18.3244,3.0933,15772791966.0,2.3451,11.693,54868969856.8,0.4,3184099964.87,1874990435.41,2012-11-30,0.3184911849118492
2279,600739.XSHG,19.8912,1.7066,17686639215.0,5.6398,6.7795,24294220352.0,0.4962,7643541378.15,7139369368.6,2012-11-30,0.1566303402881271
2280,600741.XSHG,7.8095,1.3281,23972097624.0,9.6105,13.6954,42489503486.1,0.9179999999999999,43281394974.7,39916754097.3,2012-11-30,0.20473333333333346
2281,600795.XSHG,9.0802,1.2755,35716165450.0,1.7691,8.476,193618065684.0,0.152,40785334850.2,38184295673.7,2012-11-30,0.13364688474343386
2282,600804.XSHG,43.777,2.0406,7549210370.0,2.3577,4.5742,12454380727.9,0.12,1816239435.78,1723921346.41,2012-11-30,0.056725885998203274
2283,600816.XSHG,19.7117,7.0009,4423029238.0,13.7263,22.0447,6792430493.7,0.2853,296798059.1,137444911.67,2012-11-30,0.3542048089832783
2284,600820.XSHG,9.5943,0.9744,10376288063.0,2.3771,7.5209,43274852441.1,0.59,11952378752.1,12070993441.6,2012-11-30,0.13893452894817465
2285,600827.XSHG,10.3257,1.0603,12539769075.0,3.4357,8.7387,36922022197.2,0.58,36840251572.5,35404774398.2,2012-11-30,0.17856874332716802
2286,600886.XSHG,28.4174,1.5411,18432547769.0,1.0342,5.7234,125640402313.0,0.1215,17863621703.3,16416358890.1,2012-11-30,0.09922124878320128
2287,600887.XSHG,18.0848,4.5481,31781072540.0,7.022,21.0008,45385647138.8,0.85,32909194010.5,31579462837.5,2012-11-30,0.1056276030203501
2288,600893.XSHG,40.8656,2.6827,11037376881.0,2.155,4.7236,17097672867.5,0.18,4807351272.89,4591748251.88,2012-11-30,0.24680130266885786
2289,600895.XSHG,16.3415,1.5508,9477980046.0,0.9668,2.419,20999176305.5,0.1,990928789.17,1012813572.56,2012-11-30,0.14705530182514842
2290,600900.XSHG,10.4802,1.4497,104940000000.0,5.4443,12.2884,190247955924.0,0.5237,20035106797.4,10917273083.1,2012-11-30,0.08019139859333564
2291,600999.XSHG,28.2384,1.5721,38640517582.0,1.6908,4.8682,95828835190.7,0.2611,3586082967.67,2121594888.97,2012-11-30,0.2726183662331786
2292,601006.XSHG,8.3254,1.4238,93660786393.0,9.2317,13.6114,118410111162.0,0.59,33478802188.0,23659426046.0,2012-11-30,0.07300948548433475
2293,601009.XSHG,5.8835,0.9565,22563892274.0,0.9741,13.0935,329854699583.0,1.0,6807475259.25,3173199533.58,2012-11-30,0.21050956680854446
2294,601012.XSHG,51.8412,1.0986,3241914480.0,0.3984,0.6477,5554565640.28,0.03,1211764236.66,1232360146.66,2012-11-30,0.12956777001720812
2295,601018.XSHG,11.1287,1.182,31360000000.0,6.506,8.6546,40240842000.0,0.17,5833988000.0,3951208000.0,2012-11-30,0.048971775112854034
2296,601099.XSHG,185.9003,3.8403,7954030930.0,0.1718,0.3902,11992310296.6,0.005,349748063.75,315098723.82,2012-11-30,0.13721191380140094
2297,601117.XSHG,11.216,2.0451,34925640000.0,4.3066,13.0096,70091186940.6,0.43,39100348940.2,36548958106.1,2012-11-30,0.16383924521455134
2298,601118.XSHG,68.1832,2.0664,18594441668.0,2.0794,2.4527,25234585484.2,0.06,7246929251.08,7032199454.42,2012-11-30,0.20082695974462805
2299,601166.XSHG,4.1307,0.9983,136555964956.0,0.9858,20.815,2940779797720.0,1.63,63522000000.0,28548000000.0,2012-11-30,0.3183255706974871
2300,601169.XSHG,5.6856,0.9048,63361148681.0,0.9619,16.5592,1107488401030.0,1.19,20361718000.0,7688770000.0,2012-11-30,0.29166389240295626
2301,601216.XSHG,15.6061,1.2347,6502400000.0,4.2274,6.1919,10576948500.3,0.2485,2699640133.49,2309054664.8,2012-11-30,0.22437897169266324
2302,601377.XSHG,45.4442,2.4167,20152000000.0,2.3701,4.9005,33072861349.3,0.19,1926169215.35,1303996235.68,2012-11-30,0.3406127450980391
2303,601555.XSHG,56.2462,1.7449,12920000000.0,1.541,3.0744,23847056776.2,0.11,988537552.78,719607796.65,2012-11-30,0.24766401101603225
2304,601608.XSHG,10.485,1.2829,9124200000.0,3.4474,9.6124,19773194646.7,0.22,4877658270.45,4366540041.88,2012-11-30,0.17418168097349304
2305,601668.XSHG,6.3967,0.971,93600000000.0,2.6959,11.4862,545907578000.0,0.36,393926420000.0,375906065000.0,2012-11-30,0.2499905947857492
2306,601669.XSHG,7.7767,1.0222,30528000000.0,1.7877,10.0869,173863870184.0,0.3001,88301551615.0,84700076878.0,2012-11-30,0.2012391662488361
2307,601688.XSHG,23.6462,1.4041,42504000000.0,1.7129,4.0172,94162460074.8,0.24,4512502271.91,2796546292.27,2012-11-30,0.2911773298276365
2308,601718.XSHG,15.4099,1.0875,10683890000.0,3.8366,6.3517,17633640077.2,0.1577,21643578831.3,20959848398.9,2012-11-30,0.0866192144013859
2309,601788.XSHG,30.8968,1.6511,34863600000.0,2.0802,4.4486,70872034525.3,0.28,2841976601.08,1682114872.94,2012-11-30,0.3823593852702745
2310,601818.XSHG,4.5419,0.9527,104321758200.0,0.9647,18.4875,2206193886400.0,0.47,44378000000.0,19098000000.0,2012-11-30,0.1821868074873875
2311,601872.XSHG,363.8465,0.8932,10999747815.0,0.3653,0.625,18550207647.1,0.0169,2217780244.54,2194908795.13,2012-11-30,0.09870268824394812
2312,601877.XSHG,14.2327,3.7462,16110150000.0,10.7319,19.8905,19307403101.9,0.91,7766650075.98,6564619404.7,2012-11-30,0.14597355255788336
2313,601888.XSHG,25.0848,4.2323,22748000000.0,10.7833,15.4895,27844497083.9,0.8849,11481702943.5,10414194271.8,2012-11-30,0.060727481730848125
2314,601901.XSHG,59.4849,1.6392,22814000000.0,1.296,2.4512,38101222200.7,0.09,1731713036.64,1089783158.22,2012-11-30,0.17914795154484814
2315,601933.XSHG,39.5523,4.0052,17024343000.0,3.344,8.0679,24208169947.2,0.22,17890816602.2,17492947842.4,2012-11-30,0.13713351244013566
2316,601958.XSHG,52.5408,2.4646,32879098836.0,2.7444,2.9202,38838025820.4,0.121,6465392044.01,6009007284.28,2012-11-30,0.14916660805963852
2317,601989.XSHG,14.2203,1.4103,59110857179.0,2.0383,8.6179,202066110354.0,0.247,45098717119.2,41328421233.9,2012-11-30,0.1836292767431788
